3074 4936
635 349 854 413 -39-

157 530 293 616 Cephisii
316 531 377 594 fact
366 536 438 612 tam,
467 530 586 614 quain
609 549 644 593 re
668 530 748 593 mult
736 536 805 593 tum
828 549 886 592 nos
909 527 1026 592 lucrari
1050 529 1164 612 Lysiae
1187 534 1255 593 orat
1257 530 1330 594 ione

157 638 259 702 XXX
283 643 471 722 comparata.
518 638 592 700 At·
584 656 617 699 m
641 637 700 700 hac
724 637 762 700 de
785 637 919 720 epitome
943 656 1006 700 non
1031 655 1099 700 esse
1118 638 1200 718 cogit
1187 636 1329 718 t,andum

90 800 92 802 .
157 765 243 810 nunc
265 746 330 809 fere
353 750 497 808 constare
520 740 637 827 opinor.
643 745 666 825 1)

247 853 414 916 Praeterea
437 852 648 915 narrationem
672 849 853 932 Ps.·Lysiae
873 869 936 913 non
962 850 1063 913 solum
1088 850 1157 913 loco
1176 850 1329 913 alienissi-

157 980 209 1023 mo
232 961 382 1023 insertam
407 977 484 1041 esse,
507 959 562 1022 sed
582 958 783 1021 dilaceratam
802 962 833 1021 et
852 960 1009 1020 curtalem
1028 961 1189 1041 tantopere
1207 961 1244 1019 ut
1262 975 1328 1019 om-

157 1069 211 1130 nia
234 1068 324 1151 quasi
348 1066 482 1149 caligine
505 1065 694 1148 obtegantur
717 1083 820 1148 neque
844 1083 885 1127 ex
908 1064 961 1126 illa
982 1063 1150 1147 perluceat,
1173 1065 1264 1127 cuius
1282 1064 1328 1126 rei

156 1193 231 1237 reus
254 1178 413 1257 arguatur.

247 1279 332 1344 Huic
356 1297 483 1363 quoque
508 1278 713 1362 disputationi
736 1277 903 1341 obiecerim
923 1297 958 1341 ea
978 1296 1058 1360 quae
1077 1277 1170 1340 modo
1189 1278 1330 1361 exposui.

250 1384 335 1448 Exin
360 1388 409 1447 vir
432 1386 574 1448 eruditus
597 1385 656 1448 hoc
675 1383 874 1447 firmamento
895 1385 1002 1465 utitur,
1026 1385 1111 1466 quod
1129 1403 1237 1447 earum
1256 1403 1330 1446 con-

158 1493 371 1574 tumeliarum,
396 1511 475 1575 quas
497 1493 531 1553 in
551 1492 748 1555 Andocidem
769 1492 940 1554 adversarii
959 1491 1085 1554 iaculati
1104 1495 1201 1574 erant,
1224 1495 1332 1554 nostra

159 1601 192 1661 in
217 1601 358 1663 oratione
383 1619 423 1663 ne
447 1597 578 1662 verbum
604 1598 732 1681 quidem
752 1600 883 1681 legatur.
917 1597 1009 1660 Hanc
1028 1599 1331 1680 argumentationem

159 1706 303 1789 equidem
328 1708 433 1789 potius
457 1707 489 1767 in
515 1707 706 1768 contrarium
731 1707 948 1768 converterim.
984 1702 1048 1768 Cur
1071 1707 1255 1788 epitomator
1274 1706 1329 1788 qui

157 1813 272 1894 fertur,
300 1813 377 1875 haec
404 1813 591 1894 gravissima
614 1813 747 1875 crimina
769 1813 867 1895 patris
891 1812 985 1874 delati
1008 1813 1213 1895 virgulaeque
1237 1831 1331 1895 supp-

157 1920 318 1983 licatoriae
346 1921 378 1981 in
404 1919 568 1982 Eleusinio
597 1920 755 2003 depositae
783 1919 907 1982 silentio
930 1919 1065 2001 pressit?
1111 1917 1198 1982 Licet
1221 1938 1331 1981 causas

158 2027 332 2108 neglexerit
361 2045 443 2110 quae
475 2027 513 2089 ad
544 2026 717 2088 munienda
745 2025 911 2110 opprobria
941 2026 1053 2089 allatae
1072 2032 1179 2107 erant,
1212 2027 1329 2088 crimen

157 2135 260 2216 ipsum
286 2141 369 2196 certe
393 2153 457 2196 non
480 2135 583 2216 potuit
607 2134 774 2215 negligere.

248 2240 414 2303 Praeterea
443 2241 502 2303 loci
533 2239 593 2318 illi,
622 2257 701 2321 quos
730 2260 825 2322 supra
853 2241 915 2301 iam
942 2238 1091 2322 urgebam
1117 2241 1156 2323 (p.
1176 2239 1217 2301 26
1242 2242 1331 2323 sqq.),

160 2347 178 2424 ξ
201 2346 240 2407 19
270 2351 301 2409 et
324 2348 366 2408 42
390 2347 522 2409 collatae
546 2364 618 2408 cum
642 2347 662 2424 ξ
684 2347 746 2407 139
771 2346 961 2409 defensionis
985 2346 1209 2426 demonstrant,
1233 2345 1331 2408 Zutti-
1384 2340 1387 2345 ’

160 2472 212 2514 um
243 2473 261 2515 a
288 2472 363 2516 vero
391 2452 559 2516 aberrasse.
608 2451 688 2514 Nam
715 2452 800 2534 quod
823 2452 1079 2515 artificiosissime
1103 2453 1208 2516 animo
1232 2451 1332 2535 fingit,

159 2559 197 2621 ab
222 2578 269 2641 eo,
292 2562 345 2644 qui
371 2561 536 2644 excerpsit,
560 2578 600 2621 ex
623 2560 797 2643 protologia
815 2560 927 2623 factam
947 2578 1016 2622 esse
1035 2560 1281 2643 deuterologiam
1302 2563 1333 2621 et

158 2686 262 2732 errore
286 2668 435 2731 accidisse
458 2672 494 2730 ut
519 2664 552 2747 §¹
577 2667 771 2730 1911166677]
796 2669 869 2730 item
894 2666 1095 2749 exscriberet,
1119 2667 1197 2728 mihi
1221 2665 1331 2727 absur-

160 2773 233 2840 dum
259 2776 467 2857 ineptumque
490 2792 559 2837 esse
583 2774 715 2837 videtur.
1048 2857 1049 2860 Ἴ

249 2880 411 2944 Postremo
434 2880 548 2944 falsum
573 2880 778 2943 Plutarchum
804 2881 977 2965 (auctorem
997 2899 1223 2965 saepenumero
1241 2879 1330 2943 falla·

159 2988 253 3068 comt)
281 2987 341 3050 sibi
372 2989 561 3051 documento
594 3007 662 3052 esse
689 2993 792 3073 putat,
826 2978 893 3073 qui
908 2991 1138 3053 rectam-viam
1170 2990 1332 3071 ingressus

159 3096 206 3156 sit.
258 3093 359 3169 Quem
384 3097 566 3180 scriptorem
592 3097 744 3180 integram
768 3096 915 3160 habuisse
939 3098 1111 3160 orationem
1136 3114 1210 3158 cum
1235 3097 1330 3158 vitam

158 3200 331 3264 Andocidis
351 3209 559 3285 componeret.
597 3203 757 3267 Vocabula
773 3205 1038 3267 enimocourrere
1054 3204 1135 3265 sicut
1158 3198 1330 3289 ναυκληρίᾳ

159 3305 360 3393 ἐπιθέμενος,
386 3302 569 3396 ἐπεξενώθη
589 3316 654 3392 eto,
674 3330 755 3393 quae
779 3312 887 3373 eadem
906 3312 1110 3372 inveniantur
1126 3311 1157 3369 in
1175 3309 1332 3370 invectiva

159 3418 189 3474 et
215 3418 343 3476 omnino
370 3417 485 3478 similia
511 3435 579 3479 esse
605 3418 793 3499 quaedam
786 3437 817 3479 m
840 3418 879 3498 ἕξ
902 3417 920 3478 9
940 3420 970 3478 et
989 3415 1059 3477 16
1052 3416 1090 3476 ris
1116 3432 1197 3496 quae
1224 3420 1297 3477 nost
1298 3436 1332 3477 ra

159 3519 191 3579 in
222 3525 289 3582 ora
291 3540 361 3583 rone
391 3522 430 3602 ἓξ
462 3523 512 3584 25.
533 3522 583 3585 26.
609 3524 660 3586 27
686 3526 737 3587 28.
762 3524 867 3607 logan
869 3543 914 3585 ur
966 3521 1042 3584 Tres
1065 3521 1184 3584 locos'
1177 3522 1331 3604 imprimis

160 3625 277 3708 quibus
297 3626 455 3689 illustrent
443 3633 503 3708 tur,
520 3648 601 3710 quae
616 3630 667 3692 hio
686 3630 904 3693 tantummodo
924 3634 1103 3710 tangantur,
1118 3637 1243 3711 praesto
1263 3647 1331 3692 esse

158 3735 192 3794 in
216 3735 282 3796 vita
250 3733 360 3796 tilla

250 3839 268 3919 ἓ
294 3841 333 3901 21
359 3831 484 3903 ’6466677
487 3840 544 3923 67ς
568 3831 719 3925 67767676
707 3834 852 3925 ήμαρτεν

249 3948 267 4026 ξ
292 3949 333 4008 23
359 3945 386 4009 εἰ
410 3970 453 4030 μ7
476 3946 645 4032 παραδοίη
667 3940 730 4010 τὸν
755 3940 954 4014 ἀκόλουθον

248 4053 266 4131 6
291 4055 331 4114 26
357 4052 413 4115 καὶ
436 4046 619 4136 προδιδοὺς
643 4055 793 4140 ληφθείς

251 4209 269 4268 ¹t
288 4208 371 4262 Cool
345 4211 387 4261 ier
406 4211 435 4263 (l.
448 4212 541 4277 Giilde,
561 4212 669 4278 Quaest.
686 4215 719 4267 de
733 4215 829 4282 Lysiae
849 4218 906 4267 ora
908 4231 968 4266 rone
987 4231 1014 4265 m
1029 4212 1229 4266 Nicomachum
1261 4211 1332 4264 Berl.

161 4280 227 4334 188)
247 4297 272 4348 p.
283 4282 325 4332 44
363 4281 448 4348 Blass,
468 4282 515 4334 1..1
532 4282 635 4338 11466
