<?xml version="1.0" encoding="UTF-8"?>
<!DOCTYPE html PUBLIC "-//W3C//DTD XHTML 1.0 Transitional//EN"
    "http://www.w3.org/TR/xhtml1/DTD/xhtml1-transitional.dtd">
<html xmlns="http://www.w3.org/1999/xhtml" xml:lang="en" lang="en">
 <head>
  <title>
</title>
<meta http-equiv="Content-Type" content="text/html;charset=utf-8" />
  <meta name='ocr-system' content='tesseract 3.04.00' />
  <meta name='ocr-capabilities' content='ocr_page ocr_carea ocr_par ocr_line ocrx_word'/>
</head>
<body>
  <div class='ocr_page' id='page_1' title='image "./delysiaequaefer00webegoog_0042.png"; bbox 0 0 3074 4936; ppageno 0'>
   <div class='ocr_carea' id='block_1_1' title="bbox 619 709 881 832">
    <p class='ocr_par' dir='ltr' id='par_1_1' title="bbox 619 709 881 862">
     <span class='ocr_line' id='line_1_1' title="bbox 619 709 881 832; baseline -0.008 -25"><span class='ocrx_word' id='word_1_1' title='bbox 619 709 771 832; x_wconf 86' lang='lat' dir='ltr'>Oaput</span> <span class='ocrx_word' id='word_1_2' title='bbox 803 711 881 805; x_wconf 91' lang='lat' dir='ltr'>lV.</span> 
     </span>
    </p>
   </div>
   <div class='ocr_carea' id='block_1_2' title="bbox 177 979 1317 1310">
    <p class='ocr_par' dir='ltr' id='par_1_2' title="bbox 177 979 1317 1310">
     <span class='ocr_line' id='line_1_2' title="bbox 263 979 1237 1074; baseline 0 -13"><span class='ocrx_word' id='word_1_3' title='bbox 263 981 367 1074; x_wconf 78' lang='lat' dir='ltr'>uuio</span> <span class='ocrx_word' id='word_1_4' title='bbox 397 980 670 1063; x_wconf 91' lang='lat' dir='ltr'>statuendum</span> <span class='ocrx_word' id='word_1_5' title='bbox 699 980 758 1061; x_wconf 94' lang='lat' dir='ltr'>sit</span> <span class='ocrx_word' id='word_1_6' title='bbox 786 979 838 1060; x_wconf 91' lang='lat' dir='ltr'>de</span> <span class='ocrx_word' id='word_1_7' title='bbox 867 979 995 1060; x_wconf 91' lang='lat' dir='ltr'>Zuttii</span> <span class='ocrx_word' id='word_1_8' title='bbox 1023 979 1237 1061; x_wconf 93' lang='lat' dir='ltr'>sententia</span> 
     </span>
     <span class='ocr_line' id='line_1_3' title="bbox 177 1103 1317 1205; baseline -0.004 -17"><span class='ocrx_word' id='word_1_9' title='bbox 177 1106 493 1188; x_wconf 79' lang='lat' dir='ltr'>accusationem</span> <span class='ocrx_word' id='word_1_10' title='bbox 521 1106 715 1185; x_wconf 93' lang='lat' dir='ltr'>nostram</span> <span class='ocrx_word' id='word_1_11' title='bbox 744 1126 768 1185; x_wconf 93' lang='lat' dir='ltr'>e</span> <span class='ocrx_word' id='word_1_12' title='bbox 795 1103 1040 1204; x_wconf 82' lang='lat' dir='ltr'>protologia</span> <span class='ocrx_word' id='word_1_13' title='bbox 1069 1106 1317 1205; x_wconf 81' lang='lat' dir='ltr'>excerptam</span> 
     </span>
     <span class='ocr_line' id='line_1_4' title="bbox 600 1228 901 1310; baseline 0 -2"><span class='ocrx_word' id='word_1_14' title='bbox 600 1228 901 1310; x_wconf 92' lang='lat' dir='ltr'>existimantis.</span> 
     </span>
    </p>
   </div>
   <div class='ocr_carea' id='block_1_3' title="bbox 161 1477 1338 4339">
    <p class='ocr_par' dir='ltr' id='par_1_3' title="bbox 163 1477 1338 1882">
     <span class='ocr_line' id='line_1_5' title="bbox 252 1477 1337 1562; baseline 0 -21"><span class='ocrx_word' id='word_1_15' title='bbox 252 1479 356 1543; x_wconf 84' lang='lat' dir='ltr'>Etiam</span> <span class='ocrx_word' id='word_1_16' title='bbox 381 1478 465 1560; x_wconf 85' lang='lat' dir='ltr'>Zutt,</span> <span class='ocrx_word' id='word_1_17' title='bbox 489 1480 544 1562; x_wconf 92' lang='lat' dir='ltr'>qui</span> <span class='ocrx_word' id='word_1_18' title='bbox 568 1478 701 1541; x_wconf 87' lang='lat' dir='ltr'>ultimus</span> <span class='ocrx_word' id='word_1_19' title='bbox 725 1478 763 1540; x_wconf 90' lang='lat' dir='ltr'>de</span> <span class='ocrx_word' id='word_1_20' title='bbox 787 1477 945 1540; x_wconf 87' lang='lat' dir='ltr'>invectiva</span> <span class='ocrx_word' id='word_1_21' title='bbox 968 1480 1076 1540; x_wconf 89' lang='lat' dir='ltr'>nostra</span> <span class='ocrx_word' id='word_1_22' title='bbox 1098 1477 1337 1562; x_wconf 86' lang='lat' dir='ltr'>Andocidisque</span> 
     </span>
     <span class='ocr_line' id='line_1_6' title="bbox 164 1583 1338 1670; baseline -0.001 -22"><span class='ocrx_word' id='word_1_23' title='bbox 164 1585 345 1649; x_wconf 84' lang='lat' dir='ltr'>defensione</span> <span class='ocrx_word' id='word_1_24' title='bbox 365 1586 545 1670; x_wconf 84' lang='lat' dir='ltr'>disputavit,</span> <span class='ocrx_word' id='word_1_25' title='bbox 568 1586 742 1648; x_wconf 88' lang='lat' dir='ltr'>sententiae</span> <span class='ocrx_word' id='word_1_26' title='bbox 765 1585 811 1647; x_wconf 91' lang='lat' dir='ltr'>illi</span> <span class='ocrx_word' id='word_1_27' title='bbox 835 1584 873 1646; x_wconf 91' lang='lat' dir='ltr'>de</span> <span class='ocrx_word' id='word_1_28' title='bbox 897 1583 1110 1666; x_wconf 87' lang='lat' dir='ltr'>deuterologia</span> <span class='ocrx_word' id='word_1_29' title='bbox 1133 1603 1196 1646; x_wconf 91' lang='lat' dir='ltr'>non</span> <span class='ocrx_word' id='word_1_30' title='bbox 1217 1585 1338 1666; x_wconf 86' lang='lat' dir='ltr'>adnuit,</span> 
     </span>
     <span class='ocr_line' id='line_1_7' title="bbox 163 1690 1335 1775; baseline -0.001 -20"><span class='ocrx_word' id='word_1_31' title='bbox 163 1692 304 1775; x_wconf 86' lang='lat' dir='ltr'>confugit</span> <span class='ocrx_word' id='word_1_32' title='bbox 333 1693 372 1755; x_wconf 88' lang='lat' dir='ltr'>ad</span> <span class='ocrx_word' id='word_1_33' title='bbox 402 1692 488 1755; x_wconf 86' lang='lat' dir='ltr'>aliud</span> <span class='ocrx_word' id='word_1_34' title='bbox 511 1690 688 1755; x_wconf 81' lang='lat' dir='ltr'>subsidium</span> <span class='ocrx_word' id='word_1_35' title='bbox 717 1691 803 1774; x_wconf 93' lang='lat' dir='ltr'>quod</span> <span class='ocrx_word' id='word_1_36' title='bbox 830 1690 923 1753; x_wconf 90' lang='lat' dir='ltr'>bodie</span> <span class='ocrx_word' id='word_1_37' title='bbox 954 1690 1040 1753; x_wconf 89' lang='lat' dir='ltr'>haud</span> <span class='ocrx_word' id='word_1_38' title='bbox 1066 1710 1137 1753; x_wconf 86' lang='lat' dir='ltr'>raro</span> <span class='ocrx_word' id='word_1_39' title='bbox 1170 1693 1335 1774; x_wconf 86' lang='lat' dir='ltr'>appetitur.</span> 
     </span>
     <span class='ocr_line' id='line_1_8' title="bbox 165 1796 1176 1882; baseline -0.002 -21"><span class='ocrx_word' id='word_1_40' title='bbox 165 1796 333 1862; x_wconf 78' lang='lat' dir='ltr'>Contendit</span> <span class='ocrx_word' id='word_1_41' title='bbox 356 1802 480 1862; x_wconf 86' lang='lat' dir='ltr'>exstare</span> <span class='ocrx_word' id='word_1_42' title='bbox 503 1799 670 1882; x_wconf 83' lang='lat' dir='ltr'>epitomum</span> <span class='ocrx_word' id='word_1_43' title='bbox 694 1797 887 1881; x_wconf 84' lang='lat' dir='ltr'>protologiue</span> <span class='ocrx_word' id='word_1_44' title='bbox 911 1797 943 1858; x_wconf 93' lang='lat' dir='ltr'>in</span> <span class='ocrx_word' id='word_1_45' title='bbox 966 1796 1021 1860; x_wconf 89' lang='lat' dir='ltr'>lite</span> <span class='ocrx_word' id='word_1_46' title='bbox 1044 1796 1176 1860; x_wconf 85' lang='lat' dir='ltr'>habitae.</span> 
     </span>
    </p>

    <p class='ocr_par' dir='ltr' id='par_1_4' title="bbox 163 1904 1337 2308">
     <span class='ocr_line' id='line_1_9' title="bbox 254 1904 1336 1987; baseline -0.001 -19"><span class='ocrx_word' id='word_1_47' title='bbox 254 1905 337 1968; x_wconf 88' lang='lat' dir='ltr'>Nam</span> <span class='ocrx_word' id='word_1_48' title='bbox 365 1906 444 1981; x_wconf 88' lang='lat' dir='ltr'>nibil</span> <span class='ocrx_word' id='word_1_49' title='bbox 468 1924 577 1968; x_wconf 93' lang='lat' dir='ltr'>eorum</span> <span class='ocrx_word' id='word_1_50' title='bbox 602 1904 710 1968; x_wconf 84' lang='lat' dir='ltr'>deesse</span> <span class='ocrx_word' id='word_1_51' title='bbox 734 1923 815 1987; x_wconf 90' lang='lat' dir='ltr'>quae</span> <span class='ocrx_word' id='word_1_52' title='bbox 838 1904 1015 1967; x_wconf 88' lang='lat' dir='ltr'>necessario</span> <span class='ocrx_word' id='word_1_53' title='bbox 1038 1908 1251 1967; x_wconf 86' lang='lat' dir='ltr'>accusatorem</span> <span class='ocrx_word' id='word_1_54' title='bbox 1274 1905 1336 1987; x_wconf 90' lang='lat' dir='ltr'>pri-</span> 
     </span>
     <span class='ocr_line' id='line_1_10' title="bbox 164 2011 1337 2095; baseline -0.001 -22"><span class='ocrx_word' id='word_1_55' title='bbox 164 2013 297 2079; x_wconf 89' lang='lat' dir='ltr'>marium</span> <span class='ocrx_word' id='word_1_56' title='bbox 322 2013 490 2095; x_wconf 89' lang='lat' dir='ltr'>protulisse</span> <span class='ocrx_word' id='word_1_57' title='bbox 513 2015 759 2075; x_wconf 87' lang='lat' dir='ltr'>consentaneum</span> <span class='ocrx_word' id='word_1_58' title='bbox 783 2011 837 2093; x_wconf 83' lang='lat' dir='ltr'>sit,</span> <span class='ocrx_word' id='word_1_59' title='bbox 863 2029 968 2093; x_wconf 92' lang='lat' dir='ltr'>neque</span> <span class='ocrx_word' id='word_1_60' title='bbox 990 2015 1107 2074; x_wconf 87' lang='lat' dir='ltr'>statum</span> <span class='ocrx_word' id='word_1_61' title='bbox 1131 2029 1258 2092; x_wconf 89' lang='lat' dir='ltr'>causae,</span> <span class='ocrx_word' id='word_1_62' title='bbox 1282 2012 1337 2093; x_wconf 92' lang='lat' dir='ltr'>qui</span> 
     </span>
     <span class='ocr_line' id='line_1_11' title="bbox 163 2119 1337 2203; baseline -0.001 -22"><span class='ocrx_word' id='word_1_63' title='bbox 163 2119 291 2201; x_wconf 78' lang='lat' dir='ltr'>dicitur,</span> <span class='ocrx_word' id='word_1_64' title='bbox 319 2137 422 2203; x_wconf 92' lang='lat' dir='ltr'>neque</span> <span class='ocrx_word' id='word_1_65' title='bbox 450 2122 648 2202; x_wconf 88' lang='lat' dir='ltr'>argumenta,</span> <span class='ocrx_word' id='word_1_66' title='bbox 677 2119 736 2181; x_wconf 87' lang='lat' dir='ltr'>etsi</span> <span class='ocrx_word' id='word_1_67' title='bbox 764 2119 840 2181; x_wconf 90' lang='lat' dir='ltr'>haec</span> <span class='ocrx_word' id='word_1_68' title='bbox 870 2119 996 2180; x_wconf 86' lang='lat' dir='ltr'>concisa</span> <span class='ocrx_word' id='word_1_69' title='bbox 1019 2138 1055 2180; x_wconf 88' lang='lat' dir='ltr'>ac</span> <span class='ocrx_word' id='word_1_70' title='bbox 1078 2137 1136 2181; x_wconf 90' lang='lat' dir='ltr'>suo</span> <span class='ocrx_word' id='word_1_71' title='bbox 1160 2119 1228 2182; x_wconf 89' lang='lat' dir='ltr'>loco</span> <span class='ocrx_word' id='word_1_72' title='bbox 1252 2122 1337 2180; x_wconf 81' lang='lat' dir='ltr'>mota</span> 
     </span>
     <span class='ocr_line' id='line_1_12' title="bbox 164 2225 1212 2308; baseline 0.002 -21"><span class='ocrx_word' id='word_1_73' title='bbox 164 2227 228 2288; x_wconf 89' lang='lat' dir='ltr'>sint</span> <span class='ocrx_word' id='word_1_74' title='bbox 250 2227 327 2289; x_wconf 90' lang='lat' dir='ltr'>locis</span> <span class='ocrx_word' id='word_1_75' title='bbox 351 2225 583 2307; x_wconf 90' lang='lat' dir='ltr'>communibus,</span> <span class='ocrx_word' id='word_1_76' title='bbox 607 2244 686 2308; x_wconf 90' lang='lat' dir='ltr'>quos</span> <span class='ocrx_word' id='word_1_77' title='bbox 709 2229 832 2306; x_wconf 84' lang='lat' dir='ltr'>vocant,</span> <span class='ocrx_word' id='word_1_78' title='bbox 854 2225 1022 2287; x_wconf 84' lang='lat' dir='ltr'>immodice</span> <span class='ocrx_word' id='word_1_79' title='bbox 1045 2226 1212 2308; x_wconf 83' lang='lat' dir='ltr'>usurpatis</span> 
     </span>
    </p>

    <p class='ocr_par' dir='ltr' id='par_1_5' title="bbox 253 2331 735 2416">
     <span class='ocr_line' id='line_1_13' title="bbox 253 2331 735 2416; baseline 0 -22"><span class='ocrx_word' id='word_1_80' title='bbox 253 2331 394 2396; x_wconf 88' lang='lat' dir='ltr'>Revocat</span> <span class='ocrx_word' id='word_1_81' title='bbox 417 2334 554 2416; x_wconf 90' lang='lat' dir='ltr'>primum</span> <span class='ocrx_word' id='word_1_82' title='bbox 579 2331 618 2394; x_wconf 86' lang='lat' dir='ltr'>ad</span> <span class='ocrx_word' id='word_1_83' title='bbox 643 2331 660 2412; x_wconf 66' lang='grc' dir='ltr'>ξ</span> <span class='ocrx_word' id='word_1_84' title='bbox 685 2333 735 2394; x_wconf 85' lang='grc'>52.</span> 
     </span>
    </p>

    <p class='ocr_par' dir='ltr' id='par_1_6' title="bbox 163 2436 1338 2839">
     <span class='ocr_line' id='line_1_14' title="bbox 253 2436 1336 2523; baseline 0.001 -23"><span class='ocrx_word' id='word_1_85' title='bbox 253 2438 305 2501; x_wconf 85' lang='lat' dir='ltr'>Ex</span> <span class='ocrx_word' id='word_1_86' title='bbox 328 2438 384 2502; x_wconf 88' lang='lat' dir='ltr'>illa</span> <span class='ocrx_word' id='word_1_87' title='bbox 407 2438 521 2523; x_wconf 84' lang='lat' dir='ltr'>epilogi</span> <span class='ocrx_word' id='word_1_88' title='bbox 544 2438 748 2521; x_wconf 82' lang='lat' dir='ltr'>paragrapho,</span> <span class='ocrx_word' id='word_1_89' title='bbox 771 2436 827 2499; x_wconf 92' lang='lat' dir='ltr'>ubi</span> <span class='ocrx_word' id='word_1_90' title='bbox 851 2436 889 2500; x_wconf 89' lang='lat' dir='ltr'>de</span> <span class='ocrx_word' id='word_1_91' title='bbox 909 2437 1084 2500; x_wconf 88' lang='lat' dir='ltr'>Andocidis</span> <span class='ocrx_word' id='word_1_92' title='bbox 1106 2437 1244 2501; x_wconf 86' lang='lat' dir='ltr'>facinore</span> <span class='ocrx_word' id='word_1_93' title='bbox 1264 2459 1336 2520; x_wconf 91' lang='lat' dir='ltr'>aga-</span> 
     </span>
     <span class='ocr_line' id='line_1_15' title="bbox 166 2543 1338 2628; baseline 0.001 -21"><span class='ocrx_word' id='word_1_94' title='bbox 166 2553 233 2627; x_wconf 89' lang='lat' dir='ltr'>tur,</span> <span class='ocrx_word' id='word_1_95' title='bbox 263 2547 360 2628; x_wconf 90' lang='lat' dir='ltr'>igitur</span> <span class='ocrx_word' id='word_1_96' title='bbox 388 2564 502 2609; x_wconf 85' lang='lat' dir='ltr'>causae</span> <span class='ocrx_word' id='word_1_97' title='bbox 525 2549 625 2608; x_wconf 88' lang='lat' dir='ltr'>status</span> <span class='ocrx_word' id='word_1_98' title='bbox 649 2543 856 2625; x_wconf 85' lang='lat' dir='ltr'>describatur,</span> <span class='ocrx_word' id='word_1_99' title='bbox 884 2563 978 2627; x_wconf 90' lang='lat' dir='ltr'>quem</span> <span class='ocrx_word' id='word_1_100' title='bbox 1008 2544 1198 2608; x_wconf 90' lang='lat' dir='ltr'>defensionis</span> <span class='ocrx_word' id='word_1_101' title='bbox 1221 2546 1338 2608; x_wconf 83' lang='lat' dir='ltr'>indicet</span> 
     </span>
     <span class='ocr_line' id='line_1_16' title="bbox 164 2651 1335 2735; baseline 0.001 -22"><span class='ocrx_word' id='word_1_102' title='bbox 164 2654 182 2733; x_wconf 62' lang='grc' dir='ltr'>ᾖ</span> <span class='ocrx_word' id='word_1_103' title='bbox 199 2653 270 2733; x_wconf 87' lang='lat' dir='ltr'>lli,</span> <span class='ocrx_word' id='word_1_104' title='bbox 282 2652 421 2735; x_wconf 84' lang='lat' dir='ltr'>proclive</span> <span class='ocrx_word' id='word_1_105' title='bbox 440 2670 508 2715; x_wconf 88' lang='lat' dir='ltr'>esse</span> <span class='ocrx_word' id='word_1_106' title='bbox 524 2653 667 2715; x_wconf 85' lang='lat' dir='ltr'>coniectu</span> <span class='ocrx_word' id='word_1_107' title='bbox 680 2653 741 2714; x_wconf 89' lang='lat' dir='ltr'>iam</span> <span class='ocrx_word' id='word_1_108' title='bbox 760 2655 851 2714; x_wconf 87' lang='lat' dir='ltr'>antea</span> <span class='ocrx_word' id='word_1_109' title='bbox 867 2652 968 2734; x_wconf 89' lang='lat' dir='ltr'>ipsam</span> <span class='ocrx_word' id='word_1_110' title='bbox 984 2671 1112 2714; x_wconf 86' lang='lat' dir='ltr'>causum</span> <span class='ocrx_word' id='word_1_111' title='bbox 1128 2651 1335 2735; x_wconf 87' lang='lat' dir='ltr'>significatam</span> 
     </span>
     <span class='ocr_line' id='line_1_17' title="bbox 163 2756 561 2839; baseline -0.005 -18"><span class='ocrx_word' id='word_1_112' title='bbox 163 2777 239 2821; x_wconf 88' lang='lat' dir='ltr'>esse.</span> <span class='ocrx_word' id='word_1_113' title='bbox 287 2756 379 2832; x_wconf 78' lang='lat' dir='ltr'>Quod</span> <span class='ocrx_word' id='word_1_114' title='bbox 403 2757 472 2820; x_wconf 87' lang='lat' dir='ltr'>fieri</span> <span class='ocrx_word' id='word_1_115' title='bbox 497 2759 561 2839; x_wconf 78' lang='lat'>§9</span> 
     </span>
    </p>

    <p class='ocr_par' dir='ltr' id='par_1_7' title="bbox 163 2855 1336 3057">
     <span class='ocr_line' id='line_1_18' title="bbox 253 2855 1336 2948; baseline 0.002 -22"><span class='ocrx_word' id='word_1_116' title='bbox 253 2862 299 2939; x_wconf 82' lang='grc' dir='ltr'>εἰς</span> <span class='ocrx_word' id='word_1_117' title='bbox 321 2870 489 2927; x_wconf 64' lang='grc' dir='ltr'><em>τοσοῦτοι)</em></span> <span class='ocrx_word' id='word_1_118' title='bbox 513 2862 550 2928; x_wconf 74' lang='grc' dir='ltr'>δὲ</span> <span class='ocrx_word' id='word_1_119' title='bbox 573 2859 697 2948; x_wconf 81' lang='grc' dir='ltr'><em>τόλμης</em></span> <span class='ocrx_word' id='word_1_120' title='bbox 721 2856 859 2944; x_wconf 73' lang='grc' dir='ltr'><em>ἀφῖκται</em></span> <span class='ocrx_word' id='word_1_121' title='bbox 883 2855 969 2928; x_wconf 76' lang='grc' dir='ltr'>ὥστε</span> <span class='ocrx_word' id='word_1_122' title='bbox 993 2865 1050 2928; x_wconf 85' lang='grc' dir='ltr'>καὶ</span> <span class='ocrx_word' id='word_1_123' title='bbox 1074 2863 1160 2947; x_wconf 77' lang='grc' dir='ltr'><em>λέγει</em></span> <span class='ocrx_word' id='word_1_124' title='bbox 1179 2866 1256 2948; x_wconf 74' lang='grc' dir='ltr'>περὶ</span> <span class='ocrx_word' id='word_1_125' title='bbox 1275 2871 1336 2928; x_wconf 71' lang='grc' dir='ltr'>τοῦ</span> 
     </span>
     <span class='ocr_line' id='line_1_19' title="bbox 163 2961 1004 3057; baseline 0.004 -24"><span class='ocrx_word' id='word_1_126' title='bbox 163 2964 269 3054; x_wconf 73' lang='grc' dir='ltr'>νόμου</span> <span class='ocrx_word' id='word_1_127' title='bbox 293 2962 339 3047; x_wconf 80' lang='grc' dir='ltr'>ὡς</span> <span class='ocrx_word' id='word_1_128' title='bbox 362 2965 552 3057; x_wconf 73' lang='grc' dir='ltr'><em>καθῄρηται</em></span> <span class='ocrx_word' id='word_1_129' title='bbox 577 2961 595 3034; x_wconf 82' lang='grc' dir='ltr'><em>ὃ</em></span> <span class='ocrx_word' id='word_1_130' title='bbox 619 2971 697 3055; x_wconf 80' lang='grc' dir='ltr'>περὶ</span> <span class='ocrx_word' id='word_1_131' title='bbox 722 2962 827 3035; x_wconf 74' lang='grc' dir='ltr'><em>αὐτοῦ</em></span> <span class='ocrx_word' id='word_1_132' title='bbox 852 2971 1004 3054; x_wconf 80' lang='grc' dir='ltr'><strong><em>κείμενος</em></strong></span> 
     </span>
    </p>

    <p class='ocr_par' dir='ltr' id='par_1_8' title="bbox 164 3071 1334 3270">
     <span class='ocr_line' id='line_1_20' title="bbox 252 3071 1334 3165; baseline 0 -23"><span class='ocrx_word' id='word_1_133' title='bbox 252 3099 289 3142; x_wconf 91' lang='lat' dir='ltr'>ac</span> <span class='ocrx_word' id='word_1_134' title='bbox 307 3099 367 3143; x_wconf 89' lang='lat' dir='ltr'>nos</span> <span class='ocrx_word' id='word_1_135' title='bbox 386 3084 568 3162; x_wconf 88' lang='lat' dir='ltr'>exspectare</span> <span class='ocrx_word' id='word_1_136' title='bbox 586 3079 677 3143; x_wconf 89' lang='lat' dir='ltr'>illum</span> <span class='ocrx_word' id='word_1_137' title='bbox 697 3071 797 3163; x_wconf 79' lang='grc' dir='ltr'><strong><em>νόμον</em></strong></span> <span class='ocrx_word' id='word_1_138' title='bbox 819 3075 960 3164; x_wconf 73' lang='grc' dir='ltr'><em>κείμενον</em></span> <span class='ocrx_word' id='word_1_139' title='bbox 982 3079 1177 3165; x_wconf 86' lang='lat' dir='ltr'>pronuntiari</span> <span class='ocrx_word' id='word_1_140' title='bbox 1195 3080 1247 3142; x_wconf 86' lang='lat' dir='ltr'>vel</span> <span class='ocrx_word' id='word_1_141' title='bbox 1263 3098 1334 3142; x_wconf 91' lang='lat' dir='ltr'>eum</span> 
     </span>
     <span class='ocr_line' id='line_1_21' title="bbox 164 3185 1276 3270; baseline -0.003 -21"><span class='ocrx_word' id='word_1_142' title='bbox 164 3190 247 3249; x_wconf 90' lang='lat' dir='ltr'>certo</span> <span class='ocrx_word' id='word_1_143' title='bbox 270 3186 369 3267; x_wconf 90' lang='lat' dir='ltr'>citari,</span> <span class='ocrx_word' id='word_1_144' title='bbox 393 3187 448 3269; x_wconf 89' lang='lat' dir='ltr'>qui</span> <span class='ocrx_word' id='word_1_145' title='bbox 472 3187 572 3270; x_wconf 87' lang='lat' dir='ltr'>legem</span> <span class='ocrx_word' id='word_1_146' title='bbox 597 3189 779 3270; x_wconf 86' lang='lat' dir='ltr'>rogavisset.</span> <span class='ocrx_word' id='word_1_147' title='bbox 826 3185 918 3261; x_wconf 79' lang='lat' dir='ltr'>Quod</span> <span class='ocrx_word' id='word_1_148' title='bbox 942 3189 1042 3250; x_wconf 88' lang='lat' dir='ltr'>omitti</span> <span class='ocrx_word' id='word_1_149' title='bbox 1067 3206 1130 3249; x_wconf 91' lang='lat' dir='ltr'>non</span> <span class='ocrx_word' id='word_1_150' title='bbox 1156 3186 1276 3250; x_wconf 90' lang='lat' dir='ltr'>debere.</span> 
     </span>
    </p>

    <p class='ocr_par' dir='ltr' id='par_1_9' title="bbox 162 3291 1335 3462">
     <span class='ocr_line' id='line_1_22' title="bbox 251 3291 1335 3377; baseline -0.002 -21"><span class='ocrx_word' id='word_1_151' title='bbox 251 3294 296 3357; x_wconf 87' lang='lat' dir='ltr'>At</span> <span class='ocrx_word' id='word_1_152' title='bbox 313 3313 391 3356; x_wconf 90' lang='lat' dir='ltr'>num</span> <span class='ocrx_word' id='word_1_153' title='bbox 411 3294 470 3357; x_wconf 89' lang='lat' dir='ltr'>hoc</span> <span class='ocrx_word' id='word_1_154' title='bbox 485 3293 661 3357; x_wconf 79' lang='lat' dir='ltr'>omittitur?</span> <span class='ocrx_word' id='word_1_155' title='bbox 697 3292 812 3357; x_wconf 87' lang='lat' dir='ltr'>Nonne</span> <span class='ocrx_word' id='word_1_156' title='bbox 828 3294 1002 3377; x_wconf 89' lang='lat' dir='ltr'>unicuique</span> <span class='ocrx_word' id='word_1_157' title='bbox 1019 3294 1073 3376; x_wconf 95' lang='lat' dir='ltr'>qui</span> <span class='ocrx_word' id='word_1_158' title='bbox 1091 3291 1187 3354; x_wconf 87' lang='lat' dir='ltr'>verba</span> <span class='ocrx_word' id='word_1_159' title='bbox 1202 3311 1335 3375; x_wconf 90' lang='lat' dir='ltr'>sequen-</span> 
     </span>
     <span class='ocr_line' id='line_1_23' title="bbox 162 3399 375 3462; baseline 0.009 -2"><span class='ocrx_word' id='word_1_160' title='bbox 162 3400 205 3460; x_wconf 85' lang='lat' dir='ltr'>tia</span> <span class='ocrx_word' id='word_1_161' title='bbox 228 3399 375 3462; x_wconf 86' lang='lat' dir='ltr'>audiebat</span> 
     </span>
    </p>

    <p class='ocr_par' dir='ltr' id='par_1_10' title="bbox 250 3494 1335 3590">
     <span class='ocr_line' id='line_1_24' title="bbox 250 3494 1335 3590; baseline 0 -25"><span class='ocrx_word' id='word_1_162' title='bbox 250 3504 307 3567; x_wconf 82' lang='grc' dir='ltr'>καὶ</span> <span class='ocrx_word' id='word_1_163' title='bbox 323 3498 450 3583; x_wconf 67' lang='grc' dir='ltr'><em>ἔξεστιν</em></span> <span class='ocrx_word' id='word_1_164' title='bbox 467 3497 559 3587; x_wconf 79' lang='grc' dir='ltr'><strong><em>αὐτῷ</em></strong></span> <span class='ocrx_word' id='word_1_165' title='bbox 574 3497 637 3590; x_wconf 77' lang='grc' dir='ltr'>ἢδη</span> <span class='ocrx_word' id='word_1_166' title='bbox 650 3504 787 3570; x_wconf 77' lang='grc' dir='ltr'><em>εἰσιέναι</em></span> <span class='ocrx_word' id='word_1_167' title='bbox 800 3505 846 3582; x_wconf 83' lang='grc' dir='ltr'>εἰς</span> <span class='ocrx_word' id='word_1_168' title='bbox 857 3496 919 3588; x_wconf 78' lang='grc' dir='ltr'>τὴν</span> <span class='ocrx_word' id='word_1_169' title='bbox 933 3494 1060 3586; x_wconf 69' lang='grc' dir='ltr'><em>ἀγορὰν</em></span> <span class='ocrx_word' id='word_1_170' title='bbox 1073 3503 1129 3566; x_wconf 85' lang='grc' dir='ltr'>καὶ</span> <span class='ocrx_word' id='word_1_171' title='bbox 1146 3503 1192 3578; x_wconf 78' lang='grc' dir='ltr'>εἰς</span> <span class='ocrx_word' id='word_1_172' title='bbox 1207 3495 1249 3566; x_wconf 80' lang='grc' dir='ltr'>τὰ</span> <span class='ocrx_word' id='word_1_173' title='bbox 1263 3498 1335 3586; x_wconf 74' lang='grc' dir='ltr'><em>ἱερά</em></span> 
     </span>
    </p>

    <p class='ocr_par' dir='ltr' id='par_1_11' title="bbox 161 3610 1336 4015">
     <span class='ocr_line' id='line_1_25' title="bbox 251 3610 1336 3695; baseline 0.003 -23"><span class='ocrx_word' id='word_1_174' title='bbox 251 3611 383 3694; x_wconf 87' lang='lat' dir='ltr'>planum</span> <span class='ocrx_word' id='word_1_175' title='bbox 407 3616 482 3694; x_wconf 87' lang='lat' dir='ltr'>erat,</span> <span class='ocrx_word' id='word_1_176' title='bbox 506 3612 702 3675; x_wconf 81' lang='lat' dir='ltr'>Andocidem</span> <span class='ocrx_word' id='word_1_177' title='bbox 724 3615 856 3677; x_wconf 86' lang='lat' dir='ltr'>vetitum</span> <span class='ocrx_word' id='word_1_178' title='bbox 876 3631 944 3676; x_wconf 88' lang='lat' dir='ltr'>esse</span> <span class='ocrx_word' id='word_1_179' title='bbox 961 3611 1065 3675; x_wconf 88' lang='lat' dir='ltr'>forum</span> <span class='ocrx_word' id='word_1_180' title='bbox 1084 3610 1264 3695; x_wconf 86' lang='lat' dir='ltr'>templaque</span> <span class='ocrx_word' id='word_1_181' title='bbox 1286 3612 1336 3674; x_wconf 90' lang='lat' dir='ltr'>in·</span> 
     </span>
     <span class='ocr_line' id='line_1_26' title="bbox 161 3716 1334 3802; baseline 0.001 -23"><span class='ocrx_word' id='word_1_182' title='bbox 161 3716 272 3800; x_wconf 80' lang='lat' dir='ltr'>gredi?</span> <span class='ocrx_word' id='word_1_183' title='bbox 311 3717 454 3781; x_wconf 87' lang='lat' dir='ltr'>Profecto</span> <span class='ocrx_word' id='word_1_184' title='bbox 477 3722 600 3781; x_wconf 89' lang='lat' dir='ltr'>rectum</span> <span class='ocrx_word' id='word_1_185' title='bbox 624 3724 671 3782; x_wconf 91' lang='lat' dir='ltr'>est</span> <span class='ocrx_word' id='word_1_186' title='bbox 694 3719 762 3781; x_wconf 92' lang='lat' dir='ltr'>loco</span> <span class='ocrx_word' id='word_1_187' title='bbox 785 3719 832 3780; x_wconf 89' lang='lat' dir='ltr'>illi</span> <span class='ocrx_word' id='word_1_188' title='bbox 851 3719 882 3799; x_wconf 65' lang='grc' dir='ltr'>(ξ</span> <span class='ocrx_word' id='word_1_189' title='bbox 904 3719 936 3801; x_wconf 87' lang='grc'>9)</span> <span class='ocrx_word' id='word_1_190' title='bbox 960 3719 1128 3782; x_wconf 87' lang='lat' dir='ltr'>convenire</span> <span class='ocrx_word' id='word_1_191' title='bbox 1151 3719 1334 3802; x_wconf 88' lang='lat' dir='ltr'>ampliorem</span> 
     </span>
     <span class='ocr_line' id='line_1_27' title="bbox 162 3824 1336 3909; baseline 0.001 -24"><span class='ocrx_word' id='word_1_192' title='bbox 162 3825 208 3887; x_wconf 90' lang='lat' dir='ltr'>rei</span> <span class='ocrx_word' id='word_1_193' title='bbox 241 3824 498 3908; x_wconf 83' lang='lat' dir='ltr'>illustrationem,</span> <span class='ocrx_word' id='word_1_194' title='bbox 531 3845 612 3908; x_wconf 89' lang='lat' dir='ltr'>quae</span> <span class='ocrx_word' id='word_1_195' title='bbox 641 3825 768 3909; x_wconf 90' lang='lat' dir='ltr'>quidem</span> <span class='ocrx_word' id='word_1_196' title='bbox 798 3827 817 3906; x_wconf 63' lang='grc' dir='ltr'><strong>ξ</strong></span> <span class='ocrx_word' id='word_1_197' title='bbox 846 3826 887 3887; x_wconf 86' lang='grc'>52</span> <span class='ocrx_word' id='word_1_198' title='bbox 917 3830 1033 3908; x_wconf 86' lang='lat' dir='ltr'>exstat,</span> <span class='ocrx_word' id='word_1_199' title='bbox 1063 3826 1089 3888; x_wconf 88' lang='lat' dir='ltr'>si</span> <span class='ocrx_word' id='word_1_200' title='bbox 1123 3825 1250 3909; x_wconf 92' lang='lat' dir='ltr'>quidem</span> <span class='ocrx_word' id='word_1_201' title='bbox 1283 3825 1336 3886; x_wconf 91' lang='lat' dir='ltr'>ille</span> 
     </span>
     <span class='ocr_line' id='line_1_28' title="bbox 163 3932 927 4015; baseline 0.001 -22"><span class='ocrx_word' id='word_1_202' title='bbox 163 3932 218 4013; x_wconf 93' lang='lat' dir='ltr'>qui</span> <span class='ocrx_word' id='word_1_203' title='bbox 242 3932 383 4015; x_wconf 92' lang='lat' dir='ltr'>loquitur</span> <span class='ocrx_word' id='word_1_204' title='bbox 407 3933 527 3996; x_wconf 89' lang='lat' dir='ltr'>iudices</span> <span class='ocrx_word' id='word_1_205' title='bbox 551 3933 658 3995; x_wconf 84' lang='lat' dir='ltr'>omniu</span> <span class='ocrx_word' id='word_1_206' title='bbox 680 3932 849 3996; x_wconf 87' lang='lat' dir='ltr'>edocturus</span> <span class='ocrx_word' id='word_1_207' title='bbox 872 3936 927 3996; x_wconf 89' lang='lat' dir='ltr'>est.</span> 
     </span>
    </p>

    <p class='ocr_par' dir='ltr' id='par_1_12' title="bbox 162 4037 1335 4339">
     <span class='ocr_line' id='line_1_29' title="bbox 251 4037 1334 4123; baseline -0.001 -24"><span class='ocrx_word' id='word_1_208' title='bbox 251 4038 398 4101; x_wconf 84' lang='lat' dir='ltr'>Attamen</span> <span class='ocrx_word' id='word_1_209' title='bbox 424 4059 481 4102; x_wconf 90' lang='lat' dir='ltr'>cur</span> <span class='ocrx_word' id='word_1_210' title='bbox 499 4043 672 4122; x_wconf 82' lang='lat' dir='ltr'>excerptor,</span> <span class='ocrx_word' id='word_1_211' title='bbox 699 4039 754 4122; x_wconf 91' lang='lat' dir='ltr'>qui</span> <span class='ocrx_word' id='word_1_212' title='bbox 772 4038 873 4103; x_wconf 88' lang='lat' dir='ltr'>fertur</span> <span class='ocrx_word' id='word_1_213' title='bbox 891 4040 923 4102; x_wconf 91' lang='lat' dir='ltr'>in</span> <span class='ocrx_word' id='word_1_214' title='bbox 943 4040 1100 4123; x_wconf 86' lang='lat' dir='ltr'>epilogum</span> <span class='ocrx_word' id='word_1_215' title='bbox 1122 4038 1229 4100; x_wconf 90' lang='lat' dir='ltr'>iniecit</span> <span class='ocrx_word' id='word_1_216' title='bbox 1246 4037 1334 4099; x_wconf 92' lang='lat' dir='ltr'>illam</span> 
     </span>
     <span class='ocr_line' id='line_1_30' title="bbox 164 4142 1335 4230; baseline -0.001 -25"><span class='ocrx_word' id='word_1_217' title='bbox 164 4143 416 4226; x_wconf 83' lang='lat' dir='ltr'>explicationem,</span> <span class='ocrx_word' id='word_1_218' title='bbox 440 4165 535 4228; x_wconf 83' lang='lat' dir='ltr'>quam</span> <span class='ocrx_word' id='word_1_219' title='bbox 558 4146 662 4230; x_wconf 90' lang='lat' dir='ltr'>priore</span> <span class='ocrx_word' id='word_1_220' title='bbox 686 4147 753 4209; x_wconf 88' lang='lat' dir='ltr'>loeo</span> <span class='ocrx_word' id='word_1_221' title='bbox 777 4152 961 4230; x_wconf 84' lang='lat' dir='ltr'>aspernatus</span> <span class='ocrx_word' id='word_1_222' title='bbox 985 4145 1072 4208; x_wconf 82' lang='lat' dir='ltr'>erat?</span> <span class='ocrx_word' id='word_1_223' title='bbox 1120 4142 1184 4207; x_wconf 82' lang='lat' dir='ltr'>Cur</span> <span class='ocrx_word' id='word_1_224' title='bbox 1207 4143 1335 4205; x_wconf 90' lang='lat' dir='ltr'>omnino</span> 
     </span>
     <span class='ocr_line' id='line_1_31' title="bbox 162 4249 1334 4339; baseline 0.001 -29"><span class='ocrx_word' id='word_1_225' title='bbox 162 4251 305 4333; x_wconf 88' lang='lat' dir='ltr'>epilogus</span> <span class='ocrx_word' id='word_1_226' title='bbox 334 4252 392 4312; x_wconf 90' lang='lat' dir='ltr'>iste</span> <span class='ocrx_word' id='word_1_227' title='bbox 415 4272 486 4314; x_wconf 85' lang='lat' dir='ltr'>cunr</span> <span class='ocrx_word' id='word_1_228' title='bbox 511 4253 599 4335; x_wconf 86' lang='lat' dir='ltr'>larga</span> <span class='ocrx_word' id='word_1_229' title='bbox 622 4254 676 4316; x_wconf 88' lang='lat' dir='ltr'>illu</span> <span class='ocrx_word' id='word_1_230' title='bbox 700 4253 910 4339; x_wconf 85' lang='lat' dir='ltr'>disputatione</span> <span class='ocrx_word' id='word_1_231' title='bbox 933 4253 972 4315; x_wconf 91' lang='lat' dir='ltr'>de</span> <span class='ocrx_word' id='word_1_232' title='bbox 995 4252 1118 4315; x_wconf 88' lang='lat' dir='ltr'>arcanis</span> <span class='ocrx_word' id='word_1_233' title='bbox 1141 4249 1334 4333; x_wconf 82' lang='lat' dir='ltr'>profanatis?</span> 
     </span>
    </p>
   </div>
   <div class='ocr_carea' id='block_1_4' title="bbox 0 0 1542 4936">
    <p class='ocr_par' dir='ltr' id='par_1_13' title="bbox 0 0 1542 4936">
     <span class='ocr_line' id='line_1_32' title="bbox 0 0 1542 4936; baseline 0 0"><span class='ocrx_word' id='word_1_234' title='bbox 0 0 1542 4936; x_wconf 95' lang='lat' dir='ltr'> </span> 
     </span>
    </p>
   </div>
  </div>
 </body>
</html>
