3074 4936
745 323 789 334 ..
836 287 966 350 22„

271 469 398 535 soeleris
414 469 574 534 conscium
594 469 726 550 tradere,
745 468 800 531 sed
819 486 892 531 eum
909 467 1113 531 occidendum
1134 485 1270 547 curasse,
1287 486 1350 549 quo
1364 467 1446 532 facto

271 580 430 642 numiam
452 596 508 661 per
531 596 651 640 annum
673 576 707 638 in
731 575 844 638 vinclis
866 574 986 657 fuisset,
1010 576 1125 637 amicos
1150 574 1298 637 detulisse
1317 573 1448 656 (Stuiter

270 707 299 769 p.
325 686 386 747 171
411 684 585 747 Hoelscher
607 704 641 768 p:
662 683 720 764 60).

361 789 471 856 Verba
493 793 561 875 ipsa
584 794 659 853 sunt
681 789 759 852 haee

352 888 542 982 Ἀνδοκίδης
564 887 626 981 γὰρ
651 887 761 959 incida*
789 885 936 980 ἥμαρτεν
960 893 995 974 ἐξ
1024 890 1180 978 ἐπιβολῆς
1209 886 1371 977 εἷςαχθεὶξ
1400 895 1447 972 εἰς

273 997 313 1069 τὸ
342 1000 557 1090 δικαστήριον
582 999 699 1089 ἔδησεν
724 993 846 1066 ἑαυτὸν
868 997 1089 1086 τιμησάμενος
1113 1001 1237 1083 δεσμοῦ
1260 1001 1288 1065 εἰ
1316 995 1359 1091 μη
1379 1027 1441 1067 πο-

273 1112 392 1196 ραδοίη
416 1103 478 1175 τὸν
503 1101 709 1175 ἀκόλουθον.

297 1251 298 1254 “
362 1218 464 1295 Quam
487 1219 654 1283 lectionem
674 1238 760 1281 nuno
779 1236 888 1281 omnes
907 1221 1092 1300 receperunt
1111 1222 1142 1280 et
1160 1236 1218 1281 suo
1237 1219 1314 1300 iure,
1337 1221 1443 1280 tamen

269 1326 344 1390 Zutt
367 1326 408 1411 (p.
433 1327 487 1407 25)
510 1345 567 1410 pro
595 1316 768 1412 ‘imboldo'
798 1329 904 1388 tenere
932 1325 1054 1387 mavult
1079 1314 1271 1413 ‘carpocra'
1299 1324 1332 1386 id
1360 1325 1446 1407 quod

186 1446 190 1453 '
270 1434 370 1497 codex
393 1432 494 1497 habet.
540 1433 710 1515 Perperam
734 1433 854 1516 opinor.
887 1429 1066 1494 Artificiose
1084 1433 1168 1494 enim
1187 1432 1247 1494 sibi
1266 1433 1316 1493 vir
1335 1432 1446 1495 doctus

270 1558 375 1602 rerum
406 1559 563 1604 conexum
595 1540 749 1602 construit
779 1540 819 1601 ad
854 1538 1074 1601 declarandam
1107 1556 1218 1602 vocem
1250 1530 1445 1626 ‘inchoatio'

272 1646 420 1710 Perhibet
443 1648 532 1710 haec:

359 1755 556 1836 „Andocides
586 1754 701 1817 dicitur
731 1754 874 1817 consulto
906 1752 944 1816 ab
975 1753 1084 1816 amicis
1113 1770 1225 1836 nempe
1255 1753 1389 1816 hetaeris
1412 1755 1446 1816 in

272 1861 426 1924 iudicium
450 1861 606 1924 adductus
629 1879 697 1923 esse
720 1862 850 1944 ipseque
872 1860 1011 1922 vinculis
1034 1878 1102 1922 sese
1127 1859 1258 1941 dedisse,
1281 1865 1318 1923 ut
1336 1860 1447 1924 adver-

270 1968 369 2030 sarios
401 1969 456 2049 qui
486 1987 548 2030 non
581 1966 619 2029 ab
651 1968 849 2050 optimatium
880 1965 1023 2050 partibus
1054 1970 1173 2029 starent
1203 1966 1358 2030 delatione
1388 1986 1447 2031 sua

269 2074 408 2157 pernicie
431 2073 591 2156 affligeret.
639 2072 756 2136 Mirum
783 2073 930 2156 profecto.
976 2071 1059 2135 Nam
1087 2074 1162 2136 satis
1191 2079 1302 2137 notum
1331 2078 1378 2137 est
1405 2093 1446 2137 ex

272 2180 475 2244 Andocideae
503 2180 607 2243 verbis
637 2179 665 2262 (I
695 2178 749 2264 68)
779 2181 885 2264 ipsum
913 2183 1095 2243 accusatum
1126 2181 1281 2243 sodalium
1305 2174 1447 2245 ‘suorum

271 2288 400 2350 nomina
419 2287 630 2370 denuntiasse,
654 2288 709 2370 qui
728 2291 832 2351 tamen
852 2286 983 2351 eandem
1002 2272 1170 2353 factionem
1188 2306 1229 2352 se.
1247 2289 1446 2372 optimatium

271 2394 485 2477 sequebantur
508 2398 539 2457 et
562 2395 607 2458 sic
630 2393 669 2456 ab
693 2394 833 2475 consilio,
857 2395 942 2477 quod
965 2394 1057 2457 illum
1079 2393 1228 2458 habuisse
1247 2393 1321 2458 Zutt
1344 2394 1446 2479 fingit,

270 2502 406 2564 inimicis
429 2502 592 2564 interitum
615 2500 779 2583 ingerendi
803 2519 932 2583 prorsus
956 2501 1120 2564 destitisse.
1167 2500 1320 2576 Quocirca
1349 2501 1447 2564 abici-

272 2608 386 2672 endam
409 2609 490 2670 hanc
513 2608 701 2670 senteutiam
724 2625 845 2670 censeo.

360 2716 405 2776 At
434 2734 499 2778 vox
528 2714 583 2776 illa
618 2710 774 2801 ἐπιβολῆς
809 2713 1051 2798 explicationem
1089 2716 1234 2798 postulat.
1288 2715 1448 2798 Suspicari

270 2823 356 2902 licet,
395 2820 552 2884 Andocidi
587 2841 605 2883 a
640 2822 825 2902 magistratu
854 2822 1033 2905 impositam
1070 2840 1139 2887 esse
1171 2817 1343 2906 ἐπιβολὴν,
1383 2842 1447 2907 qua

269 2928 412 3011 neglecta
435 2946 508 2991 eum
532 2927 571 2991 ad
593 2928 713 2991 iudices
732 2932 878 2992 vocatum
898 2947 974 2994 esse.
1012 2928 1238 2992 Verumtamen
1258 2929 1324 2993 fere
1343 2934 1446 2993 totum

272 3054 327 3117 per
351 3055 471 3097 annum
494 3036 527 3097 in
551 3053 674 3099 earcere
696 3040 857 3099 versatum
882 3054 954 3098 eum
979 3054 1055 3117 esse,
1079 3036 1111 3098 id
1136 3037 1220 3118 quod
1239 3038 1343 3100 statim
1361 3056 1447 3100 asse-

270 3143 351 3204 ritur
380 3138 505 3206 ἐδέδετο
530 3139 619 3228 ἒηγύς
642 3135 790 3207 ἐνιαυτόν
813 3162 877 3205 non
902 3140 1052 3205 credibile
1075 3147 1130 3207 est.
1167 3141 1251 3207 Nam
1275 3145 1343 3227 ipso
1367 3148 1447 3207 teste

272 3247 478 3332 subsequenti
501 3250 608 3312 statim
631 3254 732 3332 nocte,
760 3253 928 3333 postquam
952 3250 1196 3332 comprehensus
1220 3255 1280 3332 est,
1308 3270 1327 3312 a
1351 3249 1447 3313 Char-

270 3356 355 3419 mide
383 3355 570 3420 eonsobrino
595 3358 624 3418 ei
646 3375 833 3441 persuasum
859 3360 918 3437 est,
953 3362 989 3420 ut
1021 3358 1076 3439 qui
1104 3356 1251 3420 facinoris
1279 3359 1447 3442 participes

269 3462 405 3526 fuissent
422 3464 584 3544 indicaret,
607 3468 638 3527 et
661 3463 745 3545 quod
769 3462 960 3527 Plutarchus
984 3463 1150 3544 (Alcibiad.
1171 3462 1226 3544 21)
1243 3463 1281 3526 de
1304 3464 1447 3547 longiore

271 3571 372 3652 spatio
386 3569 528 3652 loquitur
543 3570 628 3632 credi
647 3570 736 3634 nullo
756 3571 848 3634 modo
867 3575 978 3655 potest.
1012 3571 1064 3633 Ex
1081 3570 1274 3652 Thucydidis
1293 3571 1446 3634 nimirum

272 3677 452 3739 testimonio
471 3677 533 3739 iam
556 3677 754 3760 aliquantum
774 3679 921 3761 temporis
939 3678 1201 3763 praeterfluxerat
1220 3696 1261 3741 ex
1280 3677 1335 3740 illa
1354 3681 1447 3741 nocte

272 3802 336 3865 qua
358 3783 560 3847 malefactum
584 3785 786 3848 commissum
811 3790 878 3848 erat
900 3804 1004 3869 neque
1027 3787 1230 3868 magistratus
1254 3804 1307 3848 eos
1336 3803 1448 3868 capere

270 3891 440 3973 desierunt,
465 3892 648 3975 quicunque
671 3893 808 3976 suspecti
831 3893 1028 3971 viderentur3
1060 3892 1115 3955 sed
1140 3892 1178 3954 de
1202 3910 1285 3955 anuo
1309 3892 1374 3955 fere
1397 3894 1446 3955 in·

269 4001 357 4081 tegno
372 3999 509 4082 cogitare
527 4018 638 4083 parum
657 3997 886 4081 probabilitatis
905 3997 1035 4076 habet.¹)
1073 3996 1157 4060 Num
1179 4001 1302 4061 tantum
1322 4006 1446 4082 tempus

358 4155 378 4221 ¹)
397 4157 555 4224 praeseltinr
583 4173 644 4209 cunr
671 4157 752 4211 Thuo.
778 4157 816 4208 Vl
840 4156 875 4210 60
893 4156 980 4209 tradat
1006 4147 1054 4206 τὸν
1077 4155 1129 4226 μὲν
1151 4149 1273 4227 μηνυτὴν
1296 4148 1376 4215 εὐθὺς
1400 4159 1446 4207 καὶ

266 4217 327 4286 τοὺς
347 4221 440 4287 ἄλλους
459 4221 515 4295 μετ’
539 4220 768 4279 αὖτοῦ--ἔλοσαν,
