3074 4936
644 363 863 424 ,35-

166 556 232 618 quo.
262 537 344 599 iufra
380 543 508 600 acturus
545 557 627 617 sam,
663 540 793 601 minime
832 541 945 602 mirum
986 547 1032 603 est
1069 542 1130 604 tale
1163 542 1239 623 quid
1280 540 1354 604 non

166 645 335 706 contemni.

254 749 351 813 Nulla
374 752 495 814 ratione
520 752 630 835 opinor
654 750 750 815 Zuttii
774 759 960 835 argumenta
988 757 1052 816 tarn
1084 755 1193 836 gravia
1223 754 1343 816 censeri

165 874 265 938 posse,
289 857 405 939 quibus
421 857 583 940 efficiatur,
608 858 781 921 Andocidis
801 861 974 923 orationem
994 861 1189 943 respondere
1204 861 1342 923 crimini·

166 962 225 1025 bns
248 964 281 1025 in
305 965 463 1028 invectiva
486 965 623 1048 prolatis.

255 1069 366 1153 Itaque
394 1076 464 1152 stat,
493 1072 576 1153 quod
602 1071 672 1141 aliis
695 1073 821 1135 indiciis
845 1075 907 1136 iam
934 1075 1097 1156 evicimus
1126 1072 1240 1154 Lysiae
1264 1093 1344 1156 quae

167 1176 267 1239 fertur
293 1179 325 1239 in
351 1178 546 1241 Andocidem
573 1180 745 1242 orationem
769 1181 802 1241 in
827 1181 943 1243 iudicio
968 1201 1029 1242 non
1055 1180 1192 1243 habitam
1217 1199 1293 1243 esse.

257 1281 364 1358 Quare
388 1304 428 1348 ne
452 1285 490 1348 ad
515 1304 584 1347 eam
609 1286 794 1348 sententiam
822 1288 947 1369 quidem
969 1287 1138 1369 confugere
1155 1287 1247 1350 nobis
1263 1288 1344 1369 licet,

169 1409 231 1471 qua
254 1392 411 1472 statuitur,
434 1411 490 1474 pro
510 1391 724 1474 deuterologia
739 1392 914 1467 habendam
936 1412 1004 1456 esse
1019 1395 1220 1457 invectivam.
1256 1392 1344 1468 Quae

167 1499 322 1560 sententia
345 1504 468 1582 praeter
491 1517 536 1578 aa,
561 1517 641 1580 quae
665 1499 704 1561 de
728 1495 787 1579 §gb
810 1499 825 1561 Ι
852 1501 913 1562 137
938 1520 1006 1583 sqq.
1031 1506 1062 1563 et
1086 1500 1132 1562 VI
1159 1501 1199 1562 19
1223 1497 1345 1563 collatis

166 1623 239 1667 curn
264 1605 282 1685 ξ
306 1607 347 1667 42
378 1625 474 1689 supra
502 1600 541 1692 (p.
566 1604 608 1666 26
633 1608 713 1688 sqq.)
744 1608 892 1689 exposui,
920 1608 1066 1689 redargui
1094 1607 1221 1670 videtur
1249 1608 1267 1688 ξ
1293 1608 1345 1687 54,
1437 1667 1438 1671 ,

166 1710 221 1773 ubi
244 1713 425 1775 invenimus
450 1712 546 1775 verba
569 1713 646 1774 hacc

259 1812 423 1899 βούλομαι
451 1819 569 1882 τοίνυν
594 1817 699 1882 εἰπεῖν
725 1808 745 1881 ἃ
770 1820 910 1902 Διοκλῆς
938 1811 956 1882 ὁ
981 1815 1137 1901 Ζακόρου
1165 1826 1227 1881 τοῦ
1255 1816 1343 1901 iape-

167 1917 309 2001 φάοτοο,
337 1919 476 2000 πάππος
501 1924 535 1988 δὲ
559 1917 717 2010 ἡμέτερος
742 1922 984 2005 συνεβούλευσε
1008 1930 1078 1989 κτλ.

255 2030 346 2095 illius
383 2034 492 2115 igitur,
530 2035 585 2116 qui
627 2035 713 2116 loqui
750 2034 850 2097 fertur
884 2054 1037 2117 proavum
1070 2035 1199 2096 nomine
1234 2033 1344 2095 Zacori

169 2139 406 2223 hierophantcm
431 2140 528 2204 fuisse
552 2141 673 2222 liquido
697 2142 928 2224 pronuntiatur.
966 2138 1083 2203 Contra
1106 2141 1164 2202 hoo
1188 2140 1233 2201 nil
1253 2139 1345 2220 valet,

169 2246 254 2327 quod
277 2245 450 2309 Hoclscher
474 2250 514 2329 (p.
535 2247 588 2326 68)
612 2246 756 2328 affirmat,
780 2246 932 2309 Zacorum
956 2266 1018 2308 non
1044 2265 1112 2309 esse
1135 2265 1250 2309 nornen
1274 2267 1345 2329 pro-

168 2354 286 2434 prium,
319 2353 373 2415 sed
408 2354 453 2415 rei
486 2352 612 2416 divinae
644 2352 905 2435 significationem
940 2353 1115 2416 secundum
1151 2353 1281 2416 Suidam
1315 2361 1345 2416 ct

171 2457 425 2541 Etymologicum
449 2458 600 2542 Magnum
626 2460 711 2539 h.v.;
746 2481 819 2523 nam
843 2462 1035 2523 contrarium
1060 2461 1235 2523 ostenditur
1258 2462 1344 2523 testi-

168 2567 274 2628 monio
298 2564 545 2652 inscriptionis1)
579 2565 657 2630 Fere
680 2569 763 2630 inter
786 2587 894 2630 omncs
913 2573 1018 2631 autem
1039 2572 1170 2650 constat
1193 2568 1345 2629 honorem

168 2672 392 2755 hierophantae
424 2693 548 2757 semper
580 2675 747 2738 retinuisse
782 2676 852 2737 iure
885 2675 1067 2738 hereditatis
1100 2673 1344 2757 Eumolpidas2)

168 2776 252 2860 Ergo
276 2798 317 2842 ex
340 2785 447 2842 nostro
470 2780 539 2843 loco
563 2781 751 2844 concludere
774 2800 902 2844 necesse
925 2791 980 2864 est,
1009 2801 1081 2845 eum
1107 2783 1161 2863 qui
1186 2782 1274 2863 loqui
1298 2781 1344 2842 di-

168 2887 249 2948 citur
280 2888 388 2968 generi
421 2886 681 2970 Eumolpidarum
717 2888 960 2951 adscribendum
994 2908 1069 2952 esse.
1121 2888 1182 2952 Sed
1215 2908 1344 2972 prorsus

167 2993 351 3057 incredibile
374 2999 429 3078 est,
453 2996 587 3058 alterum
611 3014 652 3059 ex
675 2995 942 3080 subscriptoribus
965 2998 1120 3096 originem
1144 3016 1234 3059 suam
1254 3014 1343 3078 repe-

168 3108 232 3164 tere
262 3123 280 3163 a
308 3108 412 3165 vetere
436 3102 698 3186 Eumolpidarum
716 3109 834 3187 gente,
863 3124 1054 3186 quamquam
1081 3103 1344 3165 Wilamowitaius

168 3208 198 3288 (l.
223 3209 242 3271 l.
267 3208 298 3270 ll
321 3231 350 3292 p.
377 3209 418 3271 74
446 3230 475 3272 n.
501 3211 532 3291 5)
561 3230 629 3274 sese
663 3211 813 3274 Maletum
848 3229 916 3273 esse
949 3229 1021 3272 eum
1056 3212 1110 3292 qui
1146 3210 1244 3271 rerba
1271 3210 1345 3271 facit

167 3316 199 3377 in
220 3315 352 3396 Lysiaca
372 3337 453 3399 quae
472 3317 571 3380 fertur
590 3318 636 3380 VI
657 3319 946 3381 demonstraturum
965 3317 1134 3379 contendit.
1171 3315 1286 3377 Nescio
1303 3335 1342 3377 an

168 3421 226 3482 hoc
255 3422 417 3504 collegerit
445 3443 485 3486 ex
509 3425 577 3488 loco
607 3426 742 3507 quodam
770 3425 1009 3507 Aristophaneo,
1039 3441 1101 3504 quo
1126 3421 1164 3483 de
1188 3419 1344 3483 Meletoa

169 3526 267 3591 Callia
294 3528 454 3611 paedicato
483 3534 706 3614 comper-imm,
739 3534 766 3594 si
794 3532 952 3594 credimus
980 3529 1109 3611 Berghii
1137 3529 1344 3609 coniecturae,

169 3633 226 3717 qui
249 3641 332 3698 recte
356 3637 466 3718 opinor
494 3639 617 3720 scripsit
645 3629 688 3715 aig
710 3634 858 3702 Kallion
886 3632 1089 3723 περαίνοντος
1112 3626 1249 3718 alaeve)
1297 3636 1345 3698 Ao

260 3867 279 3932 ¹)
298 3866 319 3921 C
337 3867 350 3920 I
369 3869 392 3920 A
411 3867 542 3936 appendix
563 3867 703 3920 continens
722 3867 888 3919 defixionum
907 3866 1017 3920 tabellas
1036 3885 1062 3920 n.
1082 3868 1124 3921 39.

259 3938 279 4005 ²)
298 3940 415 4007 poffor,
435 3941 490 3992 nrt.
511 3938 672 4006 Genealogie
692 3955 715 4006 p.
736 3940 778 3990 51.
805 3969 836 3977 —
862 3941 893 3991 A.
913 3939 1071 4006 Mommsen,
1095 3940 1174 3992 Festo
1198 3940 1247 3991 der
1270 3938 1346 3990 Stadt

169 4009 258 4060 Athen
277 4011 313 4061 im
334 4010 474 4063 Altertunr.
515 4011 591 4064 1898.
629 4027 653 4078 p.
674 4010 727 4064 ‘258
746 4027 772 4061 n.
794 4014 816 4062 1.

260 4079 279 4139 ³)
300 4079 427 4147 Blaydes,
452 4082 636 4150 Aristophanis
659 4081 856 4150 deperditarum
886 4081 1080 4135 comoediarum
1109 4082 1260 4148 fragmenta
1283 4080 1342 4132 438.

172 4151 221 4202 llll
242 4152 322 4218 (158).
345 4183 370 4189 -
397 4153 518 4205 Meinckc
539 4154 699 4222 Fragmenta
717 4152 885 4207 Comicorum
905 4154 1066 4206 Graecorum
1086 4152 1128 4203 vol
1149 4151 1209 4203 112
1230 4167 1253 4219 p.
1276 4150 1344 4204 1126

170 4239 196 4272 n.
216 4222 237 4274 l.
276 4222 302 4274 ll
327 4222 342 4274 2
368 4239 391 4290 p.
412 4224 464 4278 993
485 4243 501 4276 n
521 4224 590 4277 XIX
615 4228 650 4293 (p.
672 4225 740 4278 1005
761 4242 786 4276 n.
808 4225 828 4277 l.
849 4225 895 4292 ΙΙ).
919 4254 951 4262 -
976 4224 1058 4288 Koch,
1083 4222 1250 4275 Comicorum
1273 4222 1344 4273 niti-

170 4309 261 4346 corum
280 4293 431 4362 fragmenta
450 4311 473 4362 p.
494 4296 546 4349 420
565 4313 591 4348 n.
613 4297 664 4348 114
682 4297 718 4365 (p.
739 4295 791 4350 428
811 4313 836 4347 n.
858 4295 916 4348 149.
936 4294 999 4361 250)
1020 4310 1044 4361 p.
1064 4293 1115 4346 505
1135 4310 1160 4344 n.
1180 4292 1241 4345 438.
