3074 4936
665 336 865 400 ..7..

265 521 537 597 Quemadmodum
557 521 617 583 hoc
632 520 833 599 commiserit,
856 519 1067 601 comperimus
1091 535 1132 581 ex
1150 515 1351 580 Andocideae
1373 511 1376 517 ’

175 631 206 709 §o
234 630 322 692 111³·
380 665 382 671 .

266 730 379 821 ἐπειδὴ
402 730 462 821 γὰρ
485 727 626 820 ἤλθομεν
648 725 871 797 Ἐλευσινόθεν
892 729 950 796 καί
972 721 991 818 ἡ
1015 727 1144 810 ἔνδειξις
1166 727 1285 816 ἐγένετο

265 848 295 904 et
321 843 400 903 132ιι
427 840 480 905 νῦν
503 838 538 904 δὲ
562 831 667 922 ἀσεβῶ
690 836 746 903 καὶ
770 830 872 903 ἀδικῶ
895 833 1003 903 είσιοδν
1025 833 1070 915 είς
1091 832 1132 902 τδ
1156 830 1235 924 ἱερά.
1313 860 1316 865 ·

270 945 397 1022 Quibus
410 967 451 1010 ex
465 946 570 1010 verbis
589 952 717 1029 apparet
733 945 929 1008 Andocidem
948 943 1128 1008 interfuisse
1147 942 1353 1007 sollemnibus

177 1052 349 1118 Eleusiniis
386 1054 524 1136 indeque
565 1053 711 1114 inimicos
743 1050 804 1114 sibi
845 1070 1043 1134 comparasse
1077 1043 1188 1114 ansam
1220 1050 1354 1112 oratoris

177 1161 355 1240 accusandi,
378 1161 464 1243 quod
487 1179 576 1223 sacra
594 1158 722 1222 adiisset
738 1158 884 1241 quamvis
902 1156 1076 1221 honoribus
1095 1154 1245 1221 civilibus
1264 1154 1354 1218 orba·

178 1274 237 1330 tus.
281 1266 394 1349 Itaque
418 1266 600 1350 Cephisium
622 1267 755 1348 eiusque
778 1265 900 1329 sodales
924 1267 952 1346 (ξ
977 1266 1017 1328 92
1042 1263 1122 1348 sqq.)
1153 1263 1193 1326 ad
1224 1262 1355 1325 archon-

179 1379 242 1436 tem
258 1391 364 1455 regem
383 1392 544 1437 sacrorum
564 1369 632 1459 (qui
650 1391 782 1436 munere
794 1372 986 1456 fungebatur
995 1372 1046 1435 ius
1062 1370 1199 1453 dicendi)
1211 1369 1355 1432 libellum

180 1479 316 1560 dedisse,
358 1499 421 1562 quo
457 1481 595 1543 accusati
617 1473 791 1562 'peccatum
833 1477 1065 1563 explicabatur,
1106 1475 1231 1540 Zuttius
1273 1479 1356 1538 recte

179 1592 286 1651 monet
309 1588 350 1670 (p.
376 1587 415 1669 7),
443 1592 548 1650 tamen
578 1586 617 1649 de
645 1586 744 1650 libelli
767 1587 868 1650 forma
896 1604 960 1649 non
984 1585 1199 1648 consentimus
1222 1602 1296 1646 cum
1319 1600 1356 1644 eo

180 1696 234 1777 qui
259 1695 336 1756 haee
359 1691 454 1756 verba
477 1693 577 1757 luisse
601 1693 774 1758 existimat:

265 1792 450 1886 Ἀνδοκίδης
473 1793 587 1884 ἷίτιμος
609 1793 654 1863 dv
676 1790 780 1864 ἀδικεῖ
803 1793 910 1864 εἰσιιδν
931 1794 977 1876 εἰς
996 1793 1039 1863 τὰ
1063 1792 1142 1886 ἱεροί.

272 1905 386 1968 Contra
411 1924 469 1967 nos
493 1906 622 1988 quidem
645 1907 691 1969 sic
713 1907 860 1990 scriptam
885 1924 953 1968 esse
976 1904 1208 1986 accusationem
1239 1904 1356 1987 opinati

182 2013 282 2075 simus

270 2109 373 2182 ἀδικεῖ
384 2110 569 2206 Ἀνδοκίδης
581 2113 688 2183 είοιιδν
699 2114 744 2195 είς
753 2114 795 2182 τδ
807 2113 874 2206 ἱεροί
887 2109 944 2182 οίκ
954 2112 1027 2196 ἒξδν
1039 2109 1126 2203 cinq*
1140 2109 1245 2202 ἀτίμῳ
1259 2111 1357 2194 dard)

272 2232 368 2308 atque
392 2226 633 2308 argumentandi
658 2244 753 2288 causa
769 2226 963 2308 adscriptum
981 2225 1080 2287 fuisse
1099 2225 1259 2288 decretum
1279 2225 1358 2286 illud

183 2332 355 2395 Isotimidis
379 2333 519 2415 proclive
538 2337 585 2395 est
604 2332 768 2413 arbitratu,
791 2332 876 2415 quod
895 2333 973 2415 quid
992 2331 1183 2394 continuerit
1201 2333 1268 2415 ipse
1286 2350 1359 2393 rous

183 2444 230 2503 est
253 2441 342 2502 testis
1032 2423 1039 2432 ’

274 2547 313 2608 71
340 2536 359 2609 δ
387 2543 446 2628 μὲν
475 2539 535 2632 yolo
562 2536 651 2610 εἶπεν
679 2545 733 2629 (so.
761 2537 960 2632 Ἰσοτιμίδης)
988 2541 1153 2633 είργεοδαι
1180 2544 1244 2609 τῶν
1271 2538 1361 2631 ἱερῶν

188 2648 259 2729 τοίς
280 2644 504 2735 οίσεβίοοιντοις
526 2650 582 2715 καί
608 2643 880 2736 δμοίογίοαντας.

273 2758 355 2820 Nam
380 2763 447 2819 tum
472 2775 544 2819 cum
569 2759 785 2821 denuntiasset
807 2760 892 2822 viros
915 2758 1216 2842 Hermocopidarum
1241 2758 1361 2839 flagitio

185 2864 375 2948 implicatos,
410 2862 588 2927 Isotimides
627 2865 758 2947 quidam
795 2865 883 2928 brevi
918 2870 988 2949 post
1019 2866 1198 2949 psephisma
1230 2867 1362 2951 rogavit,

185 2972 270 3054 quod
293 2973 325 3033 in
350 2990 423 3033 eum
447 2972 550 3054 ipsum
576 2971 676 3034 latum
700 2991 769 3034 esse
793 2972 918 3035 videtur
941 2992 983 3035 ex
1004 2972 1034 3034 ll
1052 2975 1103 3034 24.
1121 2974 1173 3036 27.
1198 2969 1268 3051 (etsi
1286 2972 1302 3034 l
1321 2972 1359 3033 71

185 3078 321 3140 affirmat
339 3079 379 3139 ad
403 3096 436 3140 se
461 3078 539 3140 illud
563 3098 627 3141 non
653 3080 809 3162 pertinere
832 3065 867 3145 οδ
890 3076 961 3163 ἐμοὶ
984 3073 1137 3167 προσήκει
1160 3071 1260 3159 οίδὲν)
1284 3099 1362 3162 quo-

186 3203 248 3267 que
270 3185 458 3267 impunitate
482 3185 608 3268 dempta
630 3186 739 3248 atimia
763 3193 913 3270 exparte
937 3185 1066 3249 affectus
1090 3195 1143 3249 est.

276 3289 366 3365 Quod
384 3293 495 3354 attinet
513 3293 552 3354 ad
572 3297 697 3376 tempus
717 3292 941 3375 definiendum,
966 3294 1058 3376 plane
1077 3293 1247 3376 amplector
1267 3292 1363 3376 lipsii

185 3399 371 3461 sententiam
405 3396 437 3479 (l.
466 3398 485 3461 l.
514 3418 543 3481 p.
573 3397 619 3479 X,
643 3397 696 3485 32)
730 3401 786 3482 qui
818 3401 967 3463 endeixin
1004 3399 1119 3461 factam
1154 3417 1222 3461 esse
1257 3417 1364 3462 mense

187 3504 415 3566 Boedromione
447 3506 587 3567 nondum
618 3507 827 3590 praeterlapso
856 3507 930 3569 anni
957 3506 1021 3568 399
1050 3505 1236 3568 enucleavit.
1283 3505 1365 3568 Nam

187 3609 241 3672 illo
263 3627 373 3672 mense
391 3611 544 3690 mysteria
562 3609 726 3674 Eleusinia
745 3611 903 3675 celebrata
923 3631 991 3675 esse
1010 3614 1091 3675 inter
1110 3631 1219 3675 omnes
1234 3619 1365 3679 constat.

186 3716 298 3799 ltaque
317 3716 410 3799 paulo
434 3722 506 3799 post
528 3716 600 3779 illos
617 3717 683 3779 dies
699 3717 803 3798 festos,
827 3723 994 3801 postquam
1011 3717 1155 3781 endeixis
1174 3720 1213 3782 ad
1232 3720 1364 3782 archon·

187 3831 248 3885 tem
273 3842 377 3906 regem
404 3823 476 3886 data
499 3827 554 3903 est,
578 3829 743 3886 accusatus
767 3843 896 3887 causam
919 3826 1029 3888 oravit.
1062 3823 1259 3910 Quapropter
1277 3825 1365 3888 nullo

187 3929 280 3992 modo
304 3935 386 3993 stare
409 3935 554 4013 possunt,
579 3949 660 4014 quae
684 3929 830 3995 Franken
854 3931 915 3994 sibi
941 3932 1030 3995 visus
1053 3940 1120 3994 erat
1140 3931 1287 4012 effecisse,
1311 3933 1366 4015 qui

188 4090 255 4095 ---
281 4091 397 4098 -—-—

189 4175 299 4298 efflbgg
318 4176 388 4228 coni.
413 4176 519 4244 Lipsius
544 4177 561 4230 l.
581 4177 599 4230 l.
624 4194 649 4245 p.
669 4177 721 4232 803
745 4193 812 4246 sqq,
837 4179 882 4246 qui
905 4179 1000 4232 harum
1025 4177 1222 4232 accusationum
1246 4177 1369 4246 exempla
