3074 4936
681 350 900 413 ...47..

204 532 384 613 cuiusdam,
412 530 559 612 quitum
583 526 729 608 florebat,
756 528 945 591 invectivam
970 526 1114 589 addicere
1143 527 1232 588 nulla
1259 527 1379 591 ratione

203 637 319 719 licebit,
335 636 492 720 siquidem
511 636 627 699 certius
648 634 822 717 quidquam
840 634 878 696 de
894 639 1021 697 auctore
1041 632 1228 696 enucleandi
1247 632 1379 695 facultas

205 764 267 807 non
292 743 364 806 data
388 743 471 825 est.¹)

294 850 326 913 Is
350 851 405 934 qui
429 868 498 912 eam
523 849 717 931 conscripsit,
740 847 956 911 defensionem
979 846 1154 911 Andocidis
1177 848 1240 909 iarn
1259 846 1380 929 publici

204 959 283 1022 iuris
327 957 441 1020 factam
487 957 626 1040 inspexit
671 961 766 1040 atque
807 956 950 1018 imitatus
991 956 1128 1038 speciem
1170 955 1379 1017 accusationis

204 1065 413 1145 iudiciariam)
433 1083 474 1126 ex
492 1064 531 1128 iis
551 1083 632 1147 quae
657 1064 695 1126 de
718 1062 774 1126 lite
797 1081 838 1125 ox
862 1062 1032 1125 adversarii
1057 1062 1197 1124 oratione
1215 1061 1378 1144 depromp-

204 1176 295 1254 serat,
325 1190 405 1254 opus
429 1170 562 1233 confecit
584 1170 690 1233 forsan
715 1189 751 1232 eo
780 1169 911 1232 consilio
941 1173 977 1231 ut
1006 1169 1137 1232 oratoris
1166 1168 1279 1231 studiis
1303 1188 1376 1231 auc-

205 1280 339 1341 toritatis
358 1279 389 1340 in
411 1277 535 1340 civibus
554 1277 774 1360 adipiscendae
794 1296 890 1360 quam
906 1277 1046 1339 rnaxime
1069 1281 1203 1357 noceret,
1228 1277 1378 1358 quoniam

205 1384 274 1448 fieri
298 1404 362 1447 non
385 1389 537 1467 potuerat,
567 1389 602 1447 ut
632 1403 727 1447 causa
750 1384 973 1465 mysteriorum
997 1383 1234 1465 profanatorum
1257 1382 1379 1445 nobiles

205 1492 413 1574 proditionem
431 1493 499 1554 eius
511 1492 662 1555 adversus
682 1489 808 1554 sodales
825 1489 984 1574 lluphileti
1004 1490 1160 1552 hetaeriae
1179 1491 1379 1553 commissam

173 1620 181 1638 ‘
206 1598 440 1662 ulciscerentur.

206 1725 418 1732 —-——-..

296 1774 315 1840 1)
336 1773 410 1838 Quod
433 1773 509 1825 Blass
532 1772 622 1826 11²1
642 1773 694 1827 570
718 1773 885 1826 existimavit
903 1773 1050 1825 orationem
1069 1772 1232 1840 aliquantum
1252 1773 1380 1824 mutatam

205 1845 238 1898 ad
256 1844 343 1898 lucem
363 1845 462 1897 editam
481 1860 540 1897 esse
559 1830 667 1913 prdpter
685 1847 715 1913 ἐξ
738 1844 781 1896 42.
795 1844 838 1898 20.
853 1846 908 1909 (31)
928 1860 962 1896 ex
984 1844 1017 1896 iis
1035 1859 1102 1912 quae
1124 1843 1307 1910 disseruimus
1326 1859 1380 1895 non

205 1917 247 1968 est
265 1932 314 1968 cur
332 1915 515 1983 approbemus,
544 1915 648 1968 Deinde
667 1916 800 1983 nequead
814 1915 1127 1983 CalliamconfugiemuS,
1142 1931 1221 1983 quem
1234 1915 1379 1967 orationem

205 1987 328 2041 habuisse
347 1987 444 2040 Perrot
461 1985 602 2041 111194
620 1987 714 2054 prodit.
751 1987 825 2040 Haec
844 1987 1048 2039 sententiolam
1066 1986 1129 2039 inde
1148 1987 1291 2053 respuitur,
1311 1986 1380 2052 quod

205 2058 299 2113 Callias
319 2075 353 2111 ex
369 2057 502 2125 Corycum
520 2060 600 2126 gente
620 2060 684 2111 erat.
714 2059 737 2127 (l
750 2061 765 2126 ξ
779 2059 849 2125 116).
878 2058 973 2126 Neque
991 2057 1250 2143 curnBerglriotll
1265 2057 1380 2123 11‘357)

204 2130 338 2183 Theodoro
352 2129 481 2197 Byzantio
494 2146 553 2182 eam
566 2128 750 2196 attribuemus
764 2129 870 2183 tametsi
882 2130 960 2182 Dion.
974 2129 1033 2182 Hal.
1047 2133 1109 2200 περὶ
1133 2135 1225 2207 [oftfor
1240 2128 1272 2181 19
1282 2128 1381 2181 iudicat

205 2218 266 2253 eum
286 2216 345 2254 esse
365 2231 396 2240 -
418 2197 476 2252 οὔτε
496 2201 615 2260 ἐξέτασιν
634 2192 729 2266 ἱκανὴν
748 2202 777 2252 ἐν
794 2207 850 2260 τοῖς
863 2202 1021 2268 ἐναγωνίοις
1034 2200 1175 2252 δεδωκυῖα
1187 2191 1286 2268 tripete,
1301 2215 1380 2267 quem

205 2275 259 2324 tam
274 2273 384 2324 confuse
399 2288 455 2323 rem
469 2273 592 2338 agentem
606 2287 765 2338 quemquam
779 2272 899 2338 quaurvis
912 2272 1129 2338 supscriptorem,
1149 2273 1282 2324 facturum
1296 2271 1379 2323 fuisse

208 2342 274 2394 milri
293 2342 399 2409 quidem
418 2357 497 2394 nemo
516 2341 694 2409 persuadebit.
927 2383 929 2386 Α

295 2412 315 2480 ²)
335 2413 369 2465 cf.
390 2413 531 2480 praecipue
550 2415 565 2480 ξ
586 2412 618 2476 19
637 2413 683 2464 ἐπὶ
701 2416 732 2486 τῇ
756 2414 809 2486 ἐμῇ
832 2403 977 2482 προφάσει,
1003 2413 1177 2480 quibuscum
1205 2413 1294 2466 verbis
1316 2429 1379 2466 sane

206 2487 220 2551 ᾗ
239 2484 272 2535 42
292 2483 375 2537 verba
387 2483 472 2556 ’ἕτερος
485 2482 515 2535 ta
535 2480 588 2550 ἣξει
599 2489 730 2553 Κηφισίῳ
750 2489 796 2536 καὶ
810 2478 888 2555 ἡμῶν
901 2475 1005 2551 ἑκάστῳ
1018 2500 1072 2537 non
1089 2485 1241 2551 conspirare
1261 2483 1381 2552 neglexit

205 2556 304 2608 auctor.
332 2555 418 2623 lgitur
427 2554 556 2609 habemus
568 2555 612 2608 hic
625 2555 711 2610 simile
725 2556 823 2625 aliquid
833 2572 863 2609 ac
874 2555 1022 2624 Polycratis
1037 2557 1171 2624 sophistae
1184 2556 1379 2609 accusationem

205 2626 328 2693 Socratis,
348 2627 393 2693 qui
405 2626 471 2679 item
483 2628 604 2694 Anytum
622 2627 706 2681 verba
723 2629 867 2682 facientem
887 2628 1000 2681 induxit.
1028 2626 1130 2694 Hirzel,
1150 2627 1182 2680 N.
1200 2627 1294 2680 Rhein.
1309 2627 1377 2680 Mus.

205 2697 282 2750 XLII
301 2715 327 2765 p.
340 2697 392 2751 239
411 2698 443 2749 ii.
482 2699 516 2751 cf.
531 2698 644 2765 Lipsius,
663 2700 731 2752 And.
746 2699 811 2767 pX
831 2716 856 2750 n.
871 2700 912 2752 35.
1183 2707 1184 2710 ’
