3074 4936
629 344 849 416 ..33ss

150 533 340 616 respondere
363 533 498 614 ideoque
521 532 609 594 illam
629 527 805 593 invectivae
822 551 928 593 vocem
947 523 1130 618 ‘upopdoet'
1152 532 1327 594 secundum

150 639 283 703 verbum
303 639 523 701 Andocideum
542 637 727 701 mutandam
742 656 817 700 esse.
856 635 954 701 Cuius
974 640 1157 701 mutationis
1173 639 1326 701 rationem

97 735 99 740 ’
150 765 214 809 non
238 745 388 828 intelligo.
427 745 539 828 Neque
562 744 664 807 adhuc
687 743 741 806 111ο
765 744 797 806 in
823 743 975 806 vocabulo
1000 745 1168 826 quisquam
1188 743 1326 824 offendit,

62 934 66 945 ι
151 853 274 915 etiamsi
297 852 533 916 concedendum
550 856 606 933 est,
629 851 716 914 vocis
730 842 926 937 (προφάσεί,
947 871 1010 932 qua
1033 851 1083 914 hic
1107 857 1257 934 usurpata
1280 855 1327 914 est

65 956 67 961 ’
151 959 313 1022 notionem
338 978 401 1022 non
426 964 491 1021 tam
514 978 555 1022 ex
579 978 639 1021 usu
664 959 824 1020 communi
850 975 926 1021 esse.
959 955 1042 1032 Quid
1066 956 1127 1020 sibi
1150 958 1235 1037 velit,
1257 975 1325 1041 per-

151 1067 296 1148 spicuum
328 1071 389 1147 est,
420 1066 505 1128 idem
537 1070 585 1129 est
617 1070 712 1148 atque
741 1083 820 1145 ,mea
848 1063 963 1148 opera,
991 1082 1050 1144 ‚me
1080 1063 1216 1127 auctore’
1245 1082 1327 1145 quae

151 1173 238 1235 notio
262 1170 415 1254 Hesychii
438 1170 501 1235 fide
523 1172 664 1254 fulcitur,
688 1172 743 1254 qui
766 1190 790 1234 s.
810 1190 838 1233 v.
856 1162 1026 1258 πρόφασις
1049 1171 1186 1234 declarat
1202 1162 1325 1248 (αἰτία,

149 1269 320 1364 (ἀφορμηζ
343 1278 475 1341 eandem
498 1279 596 1360 igitur
619 1277 879 1362 significationem
904 1277 974 1340 voci
997 1277 1153 1360 supponit.

203 1446 209 1469 ,
241 1383 388 1447 Ceterum
411 1384 495 1467 quod
520 1385 606 1448 addit
629 1403 687 1447 nos
710 1385 946 1448 insectationem
975 1384 1062 1447 illam
1085 1384 1116 1445 in
1143 1382 1325 1465 Cephisium

93 1535 97 1542 -
150 1493 218 1554 non‘
230 1486 456 1554 ‘intellecturos
487 1510 569 1572 esse,
603 1511 674 1554 cum
711 1492 854 1554 alludens
883 1491 922 1553 ad
950 1485 1151 1577 προστασίας
1180 1494 1325 1553 naturam

150 1616 187 1660 ac
214 1616 315 1680 genus
344 1599 499 1661 exclamet
526 1595 688 1685 Κηφίσιος
717 1589 735 1662 ὁ
764 1592 986 1684 πονηρότατος
1012 1620 1041 1660 κ.
1066 1619 1093 1660 τ.
1118 1596 1146 1660 λ.
1171 1597 1326 1659 caducum

150 1722 229 1784 reor,
257 1724 330 1766 cum
358 1705 417 1767 hac
441 1706 460 1785 ξ
487 1706 527 1766 19
552 1704 734 1787 Cephisium
761 1723 802 1766 ne
831 1704 1012 1785 loquentem
1041 1702 1198 1784 fingamus
1222 1703 1325 1765 obsta·

150 1810 222 1872 culo
245 1811 285 1873 sit
309 1811 327 1891 ξ
352 1812 394 1872 42
419 1810 474 1873 ubi
496 1812 556 1874 iste
579 1812 673 1874 homo
697 1811 849 1873 conviciis
874 1811 1057 1894 plectitur.¹)

239 1915 362 1980 Deinde
386 1916 459 1981 Zutt
480 1918 681 2000 progreditur
703 1918 743 1980 ad
766 1916 783 1980 I
806 1919 858 1981 85.
1011 1985 1018 2001 „

240 2013 354 2108 ἐπειδὴ
375 2015 408 2087 d’
428 2015 674 2109 ἀνεγράφησαν,
695 2021 846 2106 ἐθέμεθα
866 2017 973 2106 νόμον
993 2010 1021 2105 ᾧ
1040 2017 1165 2096 πάντες
1185 2029 1322 2106 χρῆσθε.

150 2125 208 2192 καί
228 2152 285 2211 μοι
309 2121 485 2213 ἀνάγνωθι
509 2121 570 2194 τὸν
595 2125 716 2213 νόμον·
764 2168 765 2171 =

240 2226 379 2320 ἀγράφῳ
405 2236 441 2301 δὲ
465 2233 558 2319 νόμῳ
582 2228 642 2311 τάς
666 2228 766 2319 ἀρχάς
789 2230 832 2320 μὴ
856 2243 1001 2320 χρῆσθαι
1024 2236 1105 2319 μηδὲ
1134 2237 1210 2319 περὶ
1235 2231 1321 2314 ἑνός,

240 2341 294 2405 ubi
318 2343 476 2424 ambigere
499 2363 557 2406 nos
581 2343 657 2407 dicit
681 2363 762 2426 quae
785 2345 849 2406 sint
876 2343 948 2406 illae
976 2344 1062 2426 leges
1090 2363 1154 2406 non
1183 2345 1325 2426 scriptae,

151 2450 212 2512 nisi
236 2451 382 2513 certiores
405 2449 519 2514 fiamus
540 2470 580 2514 ex
602 2451 758 2514 contraria
776 2451 925 2532 oratione,
949 2449 1004 2513 ubi
1024 2450 1227 2513 inveniantur
1247 2451 1323 2512 haec

241 2558 259 2637 ξ
290 2556 330 2618 10
360 2552 469 2620 καίτοι
497 2555 663 2641 Περικλέα
689 2555 774 2619 κοτέ
802 2573 883 2637 φασι
912 2554 1110 2639 παραινέσαι
1140 2548 1218 2638 ὑμῖν
1245 2556 1324 2637 περὶ

150 2670 221 2724 τῶν
245 2655 460 2740 ἀσεβούντων
483 2655 527 2747 μὴ
550 2659 660 2746 μόνον
683 2670 829 2748 χρῆσθαι
851 2675 922 2738 τοῖς
945 2661 1181 2746 γεγραμμένοις
1210 2656 1325 2745 νόμοις

151 2768 229 2850 περὶ
257 2760 380 2845 αὐτῶν,
414 2761 498 2832 ἀλλὰ
527 2771 584 2832 καὶ
610 2782 682 2845 τοῖς
710 2761 888 2852 ἀγράφοις,
922 2760 1003 2832 καθ)
1027 2758 1085 2843 οὓς
1113 2759 1324 2852 Εὐμολπίδαι

110 2924 122 2945 .
152 2873 345 2958 ε’ξηγοῦντα·
383 2865 435 2955 ’ὓς
455 2867 565 2952 οὐθείς
582 2899 638 2940 νισι
658 2871 772 2960 κύριος
792 2874 923 2958 ἐγένετο
948 2879 1107 2941 καθελεῖν
1127 2868 1206 2940 οὐδὲ
1231 2871 1323 2939 ἐτάλκ

150 2997 253 3066 μησεν
277 2972 448 3046 ἀντειπεῖν
472 2974 551 3047 οὐδὲ
575 2973 681 3047 αὐτὸν
703 2973 767 3046 τὸν
792 2982 898 3048 θέντα
923 2980 1040 3047 ἴσασιν.

239 3089 318 3153 Inde
358 3091 455 3173 igitur
498 3098 657 3174 patescere
696 3096 880 3155 accusatum
925 3096 1064 3175 spectare
1115 3092 1154 3154 ad
1196 3090 1323 3153 Eumol·

151 3197 296 3279 pidarum
315 3198 399 3281 loges
417 3217 481 3263 non
501 3201 641 3283 scriptae,
661 3218 741 3283 quas
760 3198 887 3281 quidem
904 3199 937 3260 in
953 3199 1152 3261 accusatione
1171 3218 1323 3260 memora-

151 3309 198 3366 tas
221 3304 385 3368 audiverit.

241 3407 357 3472 Contra
380 3413 469 3475 aliter
499 3432 566 3475 rem
594 3413 744 3476 illustrari
772 3416 914 3495 oportere
942 3410 1088 3493 equidem
1117 3410 1223 3491 credo,
1251 3430 1324 3472 eum

152 3513 248 3578 Zuttii
271 3518 426 3580 sententia
449 3523 592 3582 constare
619 3538 682 3581 non
708 3520 813 3602 possit.
861 3517 1111 3596 Consideremus
1142 3536 1205 3599 quo
1232 3523 1323 3600 pacto

150 3641 224 3685 reus
247 3622 402 3686 adductus
425 3626 474 3704 sit,
496 3628 533 3686 ut
555 3617 673 3707 νόμους
701 3617 863 3711 ἀγράφους
885 3624 926 3687 ad
953 3642 987 3686 se
1016 3623 1170 3686 tuendum
1199 3622 1321 3687 afferat!

239 3728 405 3794 Delatores
427 3730 595 3813 praecipue
616 3749 742 3794 causam
762 3751 852 3794 suam
872 3730 1081 3793 fundaverant
1099 3731 1132 3792 in
1152 3730 1323 3794 lsotimidis

151 3837 274 3901 decreto

238 3934 300 4028 την
333 3943 369 4008 δὲ
402 3944 606 4029 κατηγορίαν
638 3956 785 4008 ποιεῖται
820 3933 907 4007 κατά
939 3938 1092 4026 ψίφισμα
1124 3937 1323 4027 πρότερον

152 4044 333 4131 γενόμενον
357 4051 387 4133 (Ι
407 4053 468 4134 71).

243 4207 261 4273 ¹)
281 4207 425 4262 Praeterea
441 4227 528 4278 neque
548 4226 608 4264 reos
627 4227 714 4278 neque
734 4211 901 4263 accusatores
924 4211 1082 4277 potestatem
1107 4208 1321 4277 praetermittere

151 4279 180 4330 in
199 4278 364 4332 adversarios
383 4281 549 4335 contumeliis
567 4282 713 4335 invehendi
731 4283 772 4334 sat
790 4282 894 4334 constat
911 4281 1011 4349 opinor.
