3074 4936
680 351 897 413 ,14-

204 533 291 590 turos
314 527 421 611 fuisso,
444 547 518 590 cum
543 520 814 614 Πρωταγόραν
832 523 891 592 τόν
909 520 1008 615 Τήιον
1030 528 1170 590 comicus
1188 534 1223 591 ut
1243 527 1382 591 alienum

206 655 223 696 a
242 635 405 697 comoedia
428 654 492 697 non
515 635 698 716 scripsisset.
747 631 847 708 Quam
873 635 1179 717 argumentationem
1203 634 1320 718 duplici
1344 635 1382 696 de

205 760 299 827 causa
332 742 483 804 caducam
517 759 595 803 reor.
648 742 695 803 Ac
730 742 865 823 primum
900 742 1030 824 quidem
1062 742 1146 804 haud
1176 742 1381 824 intelligimus

205 867 336 910 curnam
348 848 574 931 Aristophanes
589 850 693 931 ipsum
709 848 930 930 philosophum
944 850 1130 912 nominatim
1150 869 1214 912 non
1235 849 1382 928 attulerit,

205 954 303 1038 (quod
327 957 411 1017 enim
433 954 717 1036 Miiller·Striibing
740 954 909 1035 contendit,
933 956 1038 1037 ipsum
1062 974 1176 1019 nomen
1197 957 1257 1018 viri
1277 957 1382 1017 euius·

205 1062 286 1144 darn,
310 1067 465 1143 quantum
489 1060 557 1124 fieri
582 1059 710 1144 poterat,
735 1063 1006 1144 circumscriptum
1031 1080 1110 1143 esse,
1133 1062 1189 1123 vix
1213 1063 1381 1144 quisquam

204 1169 379 1249 concedet),
413 1175 481 1230 tum
508 1169 597 1232 locus
626 1173 733 1231 noster
761 1169 829 1251 ipse
857 1175 965 1231 eontra
993 1170 1054 1230 viri
1084 1169 1166 1231 docti
1194 1168 1379 1231 sententiam

203 1280 332 1358 pugnat,
356 1277 506 1358 qnoniam
529 1277 602 1338 hinc
626 1281 656 1337 et
681 1275 909 1357 Aristophaneo
935 1276 988 1337 ilia
1011 1276 1201 1338 muniuntur
1224 1281 1255 1338 et
1272 1280 1381 1357 poetae

204 1380 300 1444 verba
324 1383 534 1464 integritatem
559 1383 658 1444 nostri
682 1381 742 1443 loci
766 1368 931 1444 testantur.

295 1487 507 1551 Artificiosius
531 1494 636 1550 autem
667 1507 761 1569 quam
792 1488 875 1570 quod
905 1487 1186 1571 comprehendatur
1214 1495 1268 1571 est,
1297 1491 1381 1572 quod

205 1616 233 1678 p.
247 1596 287 1657 93
305 1595 388 1657 haud
408 1594 614 1679 improbabile
634 1596 729 1669 ducit,
748 1594 786 1657 ab
804 1596 843 1657 iis
861 1595 1074 1677 grammaticis
1091 1596 1146 1677 qui
1161 1596 1380 1679 Aristophanis

204 1702 309 1765 locum
327 1702 500 1784 mutabant,
520 1704 613 1766 etiam
627 1701 757 1766 Diodori
776 1703 876 1765 textui
897 1704 961 1764 vim
982 1701 1109 1765 allatam
1129 1721 1197 1765 esse
1215 1702 1234 1765 l.
1254 1701 1338 1765 XIII
1352 1701 1380 1785 c,

205 1828 278 1871 cum
301 1828 357 1892 pro
378 1804 603 1896 Πρωταγόρου
627 1828 703 1873 voce
726 1812 899 1873 insererent
915 1802 1095 1896 Διαγόραν.
1133 1809 1218 1872 Num
1238 1811 1283 1872 sio
1303 1829 1381 1891 qno·

206 1935 268 1996 que
299 1920 406 1978 nostra
441 1917 472 1976 in
509 1918 650 1978 oratione
688 1935 801 1978 nomen
838 1914 995 1998 Diagorae
1031 1919 1063 1979 in
1099 1922 1222 1979 textum
1256 1917 1381 1978 venisse

204 2023 308 2104 putari
332 2021 426 2084 licet?

294 2126 450 2191 Indicium
492 2129 577 2192 aliud
614 2128 776 2192 lucramur
808 2131 827 2210 ξ
869 2129 920 2191 46.
978 2130 1037 2193 Ubi
1077 2134 1185 2193 auctor
1220 2130 1380 2192 contendit

206 2254 309 2317 neque
332 2240 405 2298 ante
428 2237 636 2300 calamitatem
659 2255 762 2319 neque
785 2244 855 2319 post
884 2256 952 2300 eam
984 2256 1072 2300 reum
1101 2236 1294 2320 expeditioni
1322 2236 1380 2298 ulli

206 2341 397 2406 interfuisse:

294 2440 363 2514 ἀλλ’
402 2442 601 2514 οόόεναόττοτ1
637 2449 672 2514 ἐκ
703 2452 759 2538 τῆς
789 2446 919 2529 πόλεως
951 2446 1179 2539 ἐστρατεύσατο
1204 2500 1212 2514 .
1238 2500 1244 2512 .
1271 2500 1277 2512 .
1312 2443 1381 2513 οἵτε

131 2616 133 2620 ⁴
205 2551 270 2643 ντρό
295 2558 350 2644 τῆς
373 2557 538 2644 συμφορᾶς
560 2550 629 2620 οἵτε
650 2552 730 2640 μετὰ
753 2553 811 2623 τόν
834 2552 1009 2645 συμφοράν.

296 2662 381 2726 Voce
404 2664 569 2751 συμφορᾶς
591 2663 761 2747 significari
786 2665 905 2728 cladem
931 2665 1017 2728 illam
1041 2666 1197 2728 funestam
1218 2664 1257 2726 ad
1276 2664 1380 2746 Aegos

207 2769 323 2832 tlumen
361 2778 517 2852 acceptam
548 2772 580 2832 in
614 2773 780 2855 propatulo
817 2778 966 2836 versatur.
1019 2776 1068 2836 Ac
1095 2771 1232 2856 profecto
1267 2768 1380 2851 Lysiae

206 2883 304 2939 aetate
328 2877 392 2939 scil.
422 2876 516 2959 paulo
543 2884 614 2961 post
644 2885 782 2961 stragem
809 2879 895 2943 illam
924 2899 987 2942 non
1017 2899 1087 2942 raro
1117 2879 1225 2941 eadem
1254 2879 1381 2940 notione

206 2984 264 3046 hoo
298 2983 488 3046 vocabulum
521 2989 709 3067 usurpatum
745 3005 812 3048 esse
847 2985 994 3048 nonnulli
1029 2986 1123 3048 huius
1157 2986 1288 3046 oratoris
1320 2983 1379 3044 loci

206 3089 447 3169 testificantur.¹)

295 3197 367 3278 Lys.
395 3196 464 3260 XII
491 3199 534 3260 43
570 3194 682 3284 ἐπειδὴ
715 3197 751 3263 δὲ
778 3192 798 3285 r‘p
826 3195 986 3282 ναυμαχία
1021 3195 1078 3262 καὶ
1109 3191 1129 3262 ό
1159 3192 1311 3284 συμφορὰ
1343 3197 1380 3260 a?

205 3296 303 3370 πόλει
326 3301 459 3391 ἐγένετο.

294 3410 414 3475 XXXI
438 3415 457 3476 8
484 3405 539 3477 ὅτε
560 3404 577 3478 r‘
603 3408 754 3500 συμφορὰ
780 3413 817 3476 ai
840 3407 937 3478 πόλει
960 3401 1015 3501 ip.

294 3519 384 3582 Tune
428 3522 527 3602 igitur
567 3539 660 3584 nemo
702 3540 765 3584 non
807 3520 965 3585 intellexit
1003 3540 1173 3604 quamnam
1211 3538 1278 3583 rem
1318 3538 1383 3581 vox.

207 3627 378 3713 συμφορᾶς
403 3632 563 3709 spectaret.
601 3627 744 3710 Simplex
767 3634 873 3692 autem
894 3629 954 3692 hoc
977 3627 1168 3691 vocabulum
1186 3625 1324 3689 valuisse
1343 3626 1380 3686 ad

208 3733 330 3796 cladem
355 3732 440 3796 illam
467 3733 714 3816 significandam,
737 3755 808 3799 cum
834 3738 895 3798 iam
919 3734 1056 3798 multum
1079 3735 1228 3816 temporis
1247 3737 1381 3814 praeter-

206 3841 330 3925 lapsum
361 3846 441 3903 esset
468 3860 578 3923 parum
615 3841 778 3923 probabile
812 3849 872 3922 est,
907 3844 980 3924 quia
1013 3841 1163 3903 memoria
1198 3839 1381 3901 calamitatis

207 3967 304 4032 prope
339 3948 494 4010 exstincta
523 3948 579 4008 vix
612 3951 781 4030 qnisquam
813 3948 888 4031 quid
917 3947 977 4010 sibi
1004 3946 1100 4010 vellet
1126 3945 1181 4007 illa
1201 3935 1380 4032 ‘ovppopo't'

207 4057 404 4138 perspiceret.

298 4172 560 4280 ¹)Xffirohherger
578 4212 618 4264 ad.
637 4213 700 4280 Lys.
720 4212 774 4266 Xll
794 4214 836 4266 43.
868 4215 992 4280 Ausgew.
1011 4212 1103 4264 Reden
1121 4211 1168 4263 des
1181 4210 1276 4278 Lysias
1296 4213 1319 4262 1.
1333 4210 1381 4263 Bd.

208 4285 232 4336 2.
253 4283 325 4337 Aufl.
346 4282 453 4351 besorgt
471 4299 523 4336 von
543 4282 762 4339 Gebauer1880.
800 4284 862 4336 Zutt
880 4301 905 4351 p.
925 4284 967 4337 32.
