<?xml version="1.0" encoding="UTF-8"?>
<!DOCTYPE html PUBLIC "-//W3C//DTD XHTML 1.0 Transitional//EN"
    "http://www.w3.org/TR/xhtml1/DTD/xhtml1-transitional.dtd">
<html xmlns="http://www.w3.org/1999/xhtml" xml:lang="en" lang="en">
 <head>
  <title>
</title>
<meta http-equiv="Content-Type" content="text/html;charset=utf-8" />
  <meta name='ocr-system' content='tesseract 3.04.00' />
  <meta name='ocr-capabilities' content='ocr_page ocr_carea ocr_par ocr_line ocrx_word'/>
</head>
<body>
  <div class='ocr_page' id='page_1' title='image "./delysiaequaefer00webegoog_0021.png"; bbox 0 0 3074 4936; ppageno 0'>
   <div class='ocr_carea' id='block_1_1' title="bbox 697 331 920 392">
    <p class='ocr_par' dir='ltr' id='par_1_1' title="bbox 697 331 920 392">
     <span class='ocr_line' id='line_1_1' title="bbox 697 331 920 392; baseline 0.004 -16"><span class='ocrx_word' id='word_1_1' title='bbox 697 331 920 392; x_wconf 74' lang='lat'>..16-</span> 
     </span>
    </p>
   </div>
   <div class='ocr_carea' id='block_1_2' title="bbox 219 507 1465 3481">
    <p class='ocr_par' dir='ltr' id='par_1_2' title="bbox 220 507 1465 1233">
     <span class='ocr_line' id='line_1_2' title="bbox 221 507 1395 595; baseline 0.003 -24"><span class='ocrx_word' id='word_1_2' title='bbox 221 509 253 570; x_wconf 94' lang='lat' dir='ltr'><strong>in</strong></span> <span class='ocrx_word' id='word_1_3' title='bbox 277 509 379 592; x_wconf 91' lang='lat' dir='ltr'><strong>prima</strong></span> <span class='ocrx_word' id='word_1_4' title='bbox 401 527 505 591; x_wconf 91' lang='lat' dir='ltr'><strong>neque</strong></span> <span class='ocrx_word' id='word_1_5' title='bbox 527 509 560 570; x_wconf 91' lang='lat' dir='ltr'><strong>in</strong></span> <span class='ocrx_word' id='word_1_6' title='bbox 585 507 683 570; x_wconf 87' lang='lat' dir='ltr'><strong>altera</strong></span> <span class='ocrx_word' id='word_1_7' title='bbox 707 507 846 570; x_wconf 88' lang='lat' dir='ltr'><strong>oratione</strong></span> <span class='ocrx_word' id='word_1_8' title='bbox 871 507 936 587; x_wconf 91' lang='lat' dir='ltr'><strong>(ubi</strong></span> <span class='ocrx_word' id='word_1_9' title='bbox 960 509 1177 573; x_wconf 90' lang='lat' dir='ltr'><strong>tantummodo</strong></span> <span class='ocrx_word' id='word_1_10' title='bbox 1202 509 1246 591; x_wconf 89' lang='lat' dir='ltr'><strong>(Il</strong></span> <span class='ocrx_word' id='word_1_11' title='bbox 1272 512 1310 574; x_wconf 89' lang='grc'><strong>11</strong></span> <span class='ocrx_word' id='word_1_12' title='bbox 1336 512 1395 595; x_wconf 84' lang='lat' dir='ltr'><strong>sq.)</strong></span> 
     </span>
     <span class='ocr_line' id='line_1_3' title="bbox 222 612 1395 700; baseline 0.004 -24"><span class='ocrx_word' id='word_1_13' title='bbox 222 615 260 676; x_wconf 93' lang='lat' dir='ltr'><strong>de</strong></span> <span class='ocrx_word' id='word_1_14' title='bbox 283 612 437 679; x_wconf 89' lang='lat' dir='ltr'><strong>beneficio</strong></span> <span class='ocrx_word' id='word_1_15' title='bbox 465 616 498 678; x_wconf 91' lang='lat' dir='ltr'><strong>in</strong></span> <span class='ocrx_word' id='word_1_16' title='bbox 527 614 770 676; x_wconf 80' lang='lat' dir='ltr'>Atheniensium</span> <span class='ocrx_word' id='word_1_17' title='bbox 804 616 977 678; x_wconf 87' lang='lat' dir='ltr'><strong>exercitum</strong></span> <span class='ocrx_word' id='word_1_18' title='bbox 1014 615 1128 679; x_wconf 90' lang='lat' dir='ltr'><strong>collato</strong></span> <span class='ocrx_word' id='word_1_19' title='bbox 1156 618 1395 700; x_wconf 81' lang='lat' dir='ltr'><strong>sermocinatur)</strong></span> 
     </span>
     <span class='ocr_line' id='line_1_4' title="bbox 220 719 1395 804; baseline 0.004 -21"><span class='ocrx_word' id='word_1_20' title='bbox 220 739 324 803; x_wconf 89' lang='lat' dir='ltr'><strong>noque</strong></span> <span class='ocrx_word' id='word_1_21' title='bbox 343 721 423 785; x_wconf 90' lang='lat' dir='ltr'><strong>alius</strong></span> <span class='ocrx_word' id='word_1_22' title='bbox 442 722 602 803; x_wconf 89' lang='lat' dir='ltr'><strong>scriptoris</strong></span> <span class='ocrx_word' id='word_1_23' title='bbox 620 720 682 784; x_wconf 90' lang='lat' dir='ltr'><strong>fide</strong></span> <span class='ocrx_word' id='word_1_24' title='bbox 700 719 853 802; x_wconf 88' lang='lat' dir='ltr'><strong>firmatur,</strong></span> <span class='ocrx_word' id='word_1_25' title='bbox 873 721 982 784; x_wconf 88' lang='lat' dir='ltr'><strong>militis</strong></span> <span class='ocrx_word' id='word_1_26' title='bbox 1002 724 1182 804; x_wconf 88' lang='lat' dir='ltr'><strong>provinciae</strong></span> <span class='ocrx_word' id='word_1_27' title='bbox 1198 725 1395 788; x_wconf 79' lang='lat' dir='ltr'><strong>Andocidem</strong></span> 
     </span>
     <span class='ocr_line' id='line_1_5' title="bbox 222 825 1465 911; baseline 0.005 -21"><span class='ocrx_word' id='word_1_28' title='bbox 222 847 348 910; x_wconf 89' lang='lat' dir='ltr'><strong>operam</strong></span> <span class='ocrx_word' id='word_1_29' title='bbox 371 829 570 911; x_wconf 81' lang='lat' dir='ltr'><strong>impendisse.</strong></span> <span class='ocrx_word' id='word_1_30' title='bbox 613 825 809 911; x_wconf 78' lang='lat' dir='ltr'><strong>Quapropter</strong></span> <span class='ocrx_word' id='word_1_31' title='bbox 831 827 975 890; x_wconf 88' lang='lat' dir='ltr'><strong>fallacem</strong></span> <span class='ocrx_word' id='word_1_32' title='bbox 999 847 1067 892; x_wconf 88' lang='lat' dir='ltr'><strong>esse</strong></span> <span class='ocrx_word' id='word_1_33' title='bbox 1091 830 1202 894; x_wconf 92' lang='lat' dir='ltr'><strong>ducem</strong></span> <span class='ocrx_word' id='word_1_34' title='bbox 1227 833 1286 896; x_wconf 92' lang='lat' dir='ltr'><strong>hac</strong></span> <span class='ocrx_word' id='word_1_35' title='bbox 1308 834 1342 895; x_wconf 92' lang='lat' dir='ltr'><strong>in</strong></span> <span class='ocrx_word' id='word_1_36' title='bbox 1361 852 1395 896; x_wconf 89' lang='lat' dir='ltr'><strong>re</strong></span> <span class='ocrx_word' id='word_1_37' title='bbox 1464 872 1465 875; x_wconf 60' lang='lat'><em>=</em></span> 
     </span>
     <span class='ocr_line' id='line_1_6' title="bbox 221 935 1396 1021; baseline 0.003 -23"><span class='ocrx_word' id='word_1_38' title='bbox 221 954 315 1018; x_wconf 83' lang='lat' dir='ltr'><strong>eum,</strong></span> <span class='ocrx_word' id='word_1_39' title='bbox 343 937 398 1017; x_wconf 91' lang='lat' dir='ltr'><strong>qui</strong></span> <span class='ocrx_word' id='word_1_40' title='bbox 430 936 619 998; x_wconf 81' lang='lat' dir='ltr'><strong>invectivam</strong></span> <span class='ocrx_word' id='word_1_41' title='bbox 655 935 832 1018; x_wconf 88' lang='lat' dir='ltr'><strong>composuit</strong></span> <span class='ocrx_word' id='word_1_42' title='bbox 867 935 1052 1017; x_wconf 90' lang='lat' dir='ltr'><strong>neutiquam</strong></span> <span class='ocrx_word' id='word_1_43' title='bbox 1087 937 1171 999; x_wconf 91' lang='lat' dir='ltr'><strong>credi</strong></span> <span class='ocrx_word' id='word_1_44' title='bbox 1205 942 1322 1021; x_wconf 70' lang='lat' dir='ltr'><strong>potest,</strong></span> <span class='ocrx_word' id='word_1_45' title='bbox 1366 945 1396 1001; x_wconf 94' lang='lat' dir='ltr'><strong>et</strong></span> 
     </span>
     <span class='ocr_line' id='line_1_7' title="bbox 221 1034 1395 1129; baseline 0 -24"><span class='ocrx_word' id='word_1_46' title='bbox 221 1043 384 1124; x_wconf 89' lang='lat' dir='ltr'><strong>sequentia</strong></span> <span class='ocrx_word' id='word_1_47' title='bbox 413 1061 539 1125; x_wconf 90' lang='lat' dir='ltr'><strong>quoque</strong></span> <span class='ocrx_word' id='word_1_48' title='bbox 567 1041 672 1107; x_wconf 83' lang='grc' dir='ltr'><strong><em>πλέον</em></strong></span> <span class='ocrx_word' id='word_1_49' title='bbox 698 1036 718 1129; x_wconf 72' lang='grc' dir='ltr'><strong>ἢ</strong></span> <span class='ocrx_word' id='word_1_50' title='bbox 741 1034 980 1129; x_wconf 72' lang='grc' dir='ltr'><strong><em>τετταράκοντα</em></strong></span> <span class='ocrx_word' id='word_1_51' title='bbox 1009 1037 1063 1129; x_wconf 69' lang='grc' dir='ltr'><strong><em>ἔτη</em></strong></span> <span class='ocrx_word' id='word_1_52' title='bbox 1092 1039 1228 1128; x_wconf 75' lang='grc' dir='ltr'><strong><em>γεγονώς</em></strong></span> <span class='ocrx_word' id='word_1_53' title='bbox 1254 1045 1395 1106; x_wconf 88' lang='lat' dir='ltr'><strong>veritatis</strong></span> 
     </span>
     <span class='ocr_line' id='line_1_8' title="bbox 221 1149 696 1233; baseline 0.002 -23"><span class='ocrx_word' id='word_1_54' title='bbox 221 1149 374 1211; x_wconf 88' lang='lat' dir='ltr'><strong>indicium</strong></span> <span class='ocrx_word' id='word_1_55' title='bbox 398 1150 514 1212; x_wconf 89' lang='lat' dir='ltr'><strong>iterum</strong></span> <span class='ocrx_word' id='word_1_56' title='bbox 537 1149 696 1233; x_wconf 89' lang='lat' dir='ltr'><strong>praebent.</strong></span> 
     </span>
    </p>

    <p class='ocr_par' dir='ltr' id='par_1_3' title="bbox 220 1243 1394 1874">
     <span class='ocr_line' id='line_1_9' title="bbox 310 1243 1394 1339; baseline 0.002 -23"><span class='ocrx_word' id='word_1_57' title='bbox 310 1253 474 1338; x_wconf 82' lang='lat' dir='ltr'><strong>Explicate</strong></span> <span class='ocrx_word' id='word_1_58' title='bbox 497 1256 548 1318; x_wconf 95' lang='lat' dir='ltr'><strong>hic</strong></span> <span class='ocrx_word' id='word_1_59' title='bbox 571 1257 686 1320; x_wconf 89' lang='lat' dir='ltr'><strong>dicitur</strong></span> <span class='ocrx_word' id='word_1_60' title='bbox 705 1260 808 1318; x_wconf 89' lang='lat' dir='ltr'><strong>orator</strong></span> <span class='ocrx_word' id='word_1_61' title='bbox 826 1256 891 1319; x_wconf 91' lang='lat' dir='ltr'><strong>litis</strong></span> <span class='ocrx_word' id='word_1_62' title='bbox 907 1262 1047 1339; x_wconf 88' lang='lat' dir='ltr'><strong>tempore</strong></span> <span class='ocrx_word' id='word_1_63' title='bbox 1063 1257 1198 1339; x_wconf 89' lang='lat' dir='ltr'><strong>amplius</strong></span> <span class='ocrx_word' id='word_1_64' title='bbox 1216 1255 1277 1318; x_wconf 84' lang='lat' dir='ltr'><strong>XL</strong></span> <span class='ocrx_word' id='word_1_65' title='bbox 1294 1243 1394 1319; x_wconf 88' lang='lat' dir='ltr'><strong>annos</strong></span> 
     </span>
     <span class='ocr_line' id='line_1_10' title="bbox 221 1362 1394 1445; baseline 0.001 -21"><span class='ocrx_word' id='word_1_66' title='bbox 221 1366 313 1424; x_wconf 89' lang='lat' dir='ltr'><strong>natus</strong></span> <span class='ocrx_word' id='word_1_67' title='bbox 337 1380 413 1426; x_wconf 89' lang='lat' dir='ltr'><strong>osse.</strong></span> <span class='ocrx_word' id='word_1_68' title='bbox 451 1364 500 1425; x_wconf 94' lang='lat' dir='ltr'><strong>Ac</strong></span> <span class='ocrx_word' id='word_1_69' title='bbox 523 1365 591 1426; x_wconf 89' lang='lat' dir='ltr'><strong>iure</strong></span> <span class='ocrx_word' id='word_1_70' title='bbox 615 1362 751 1445; x_wconf 92' lang='lat' dir='ltr'><strong>quidem.</strong></span> <span class='ocrx_word' id='word_1_71' title='bbox 789 1362 933 1425; x_wconf 80' lang='lat' dir='ltr'><strong>Fulcitur</strong></span> <span class='ocrx_word' id='word_1_72' title='bbox 948 1364 1033 1425; x_wconf 90' lang='lat' dir='ltr'><strong>enim</strong></span> <span class='ocrx_word' id='word_1_73' title='bbox 1052 1382 1116 1426; x_wconf 93' lang='lat' dir='ltr'><strong>non</strong></span> <span class='ocrx_word' id='word_1_74' title='bbox 1132 1363 1225 1426; x_wconf 93' lang='lat' dir='ltr'><strong>modo</strong></span> <span class='ocrx_word' id='word_1_75' title='bbox 1245 1382 1290 1444; x_wconf 89' lang='lat' dir='ltr'><strong>oo,</strong></span> <span class='ocrx_word' id='word_1_76' title='bbox 1310 1364 1394 1445; x_wconf 93' lang='lat' dir='ltr'><strong>quod</strong></span> 
     </span>
     <span class='ocr_line' id='line_1_11' title="bbox 220 1468 1394 1552; baseline 0.003 -22"><span class='ocrx_word' id='word_1_77' title='bbox 220 1468 401 1532; x_wconf 85' lang='lat' dir='ltr'><strong>Andocides</strong></span> <span class='ocrx_word' id='word_1_78' title='bbox 419 1471 486 1552; x_wconf 90' lang='lat' dir='ltr'><strong>ipse</strong></span> <span class='ocrx_word' id='word_1_79' title='bbox 505 1468 569 1531; x_wconf 79' lang='lat'><strong>117</strong></span> <span class='ocrx_word' id='word_1_80' title='bbox 586 1469 692 1552; x_wconf 89' lang='lat' dir='ltr'><strong>prodit</strong></span> <span class='ocrx_word' id='word_1_81' title='bbox 712 1469 943 1532; x_wconf 82' lang='lat' dir='ltr'><strong>adulescentem</strong></span> <span class='ocrx_word' id='word_1_82' title='bbox 963 1488 1031 1532; x_wconf 89' lang='lat' dir='ltr'><strong>sese</strong></span> <span class='ocrx_word' id='word_1_83' title='bbox 1049 1470 1147 1533; x_wconf 89' lang='lat' dir='ltr'><strong>fuisse</strong></span> <span class='ocrx_word' id='word_1_84' title='bbox 1165 1489 1238 1533; x_wconf 91' lang='lat' dir='ltr'><strong>oum</strong></span> <span class='ocrx_word' id='word_1_85' title='bbox 1257 1469 1394 1534; x_wconf 85' lang='lat' dir='ltr'><strong>famosae</strong></span> 
     </span>
     <span class='ocr_line' id='line_1_12' title="bbox 220 1574 1393 1659; baseline 0.001 -21"><span class='ocrx_word' id='word_1_86' title='bbox 220 1574 521 1659; x_wconf 89' lang='lat' dir='ltr'><strong>Hermooopidarum</strong></span> <span class='ocrx_word' id='word_1_87' title='bbox 547 1577 664 1639; x_wconf 91' lang='lat' dir='ltr'><strong>actioni</strong></span> <span class='ocrx_word' id='word_1_88' title='bbox 686 1575 864 1659; x_wconf 89' lang='lat' dir='ltr'><strong>implicatus</strong></span> <span class='ocrx_word' id='word_1_89' title='bbox 889 1581 978 1657; x_wconf 89' lang='lat' dir='ltr'><strong>esset,</strong></span> <span class='ocrx_word' id='word_1_90' title='bbox 1002 1577 1170 1640; x_wconf 87' lang='lat' dir='ltr'><strong>sedetiam</strong></span> <span class='ocrx_word' id='word_1_91' title='bbox 1191 1576 1393 1658; x_wconf 88' lang='lat' dir='ltr'><strong>quod1148</strong></span> 
     </span>
     <span class='ocr_line' id='line_1_13' title="bbox 220 1681 1394 1766; baseline 0 -21"><span class='ocrx_word' id='word_1_92' title='bbox 220 1681 424 1765; x_wconf 86' lang='lat' dir='ltr'><strong>conqueritur</strong></span> <span class='ocrx_word' id='word_1_93' title='bbox 447 1684 507 1747; x_wconf 91' lang='lat' dir='ltr'><strong>sibi</strong></span> <span class='ocrx_word' id='word_1_94' title='bbox 535 1684 651 1747; x_wconf 89' lang='lat' dir='ltr'><strong>liberos</strong></span> <span class='ocrx_word' id='word_1_95' title='bbox 678 1684 843 1746; x_wconf 93' lang='lat' dir='ltr'><strong>nondum</strong></span> <span class='ocrx_word' id='word_1_96' title='bbox 871 1689 962 1759; x_wconf 88' lang='lat' dir='ltr'><strong>natos</strong></span> <span class='ocrx_word' id='word_1_97' title='bbox 990 1701 1072 1764; x_wconf 87' lang='lat' dir='ltr'><strong>esse,</strong></span> <span class='ocrx_word' id='word_1_98' title='bbox 1099 1684 1132 1745; x_wconf 92' lang='lat' dir='ltr'><strong>id</strong></span> <span class='ocrx_word' id='word_1_99' title='bbox 1161 1683 1245 1766; x_wconf 92' lang='lat' dir='ltr'><strong>quod</strong></span> <span class='ocrx_word' id='word_1_100' title='bbox 1274 1684 1394 1746; x_wconf 90' lang='lat' dir='ltr'><strong>homini</strong></span> 
     </span>
     <span class='ocr_line' id='line_1_14' title="bbox 221 1786 1135 1874; baseline 0.001 -23"><span class='ocrx_word' id='word_1_101' title='bbox 221 1794 321 1853; x_wconf 89' lang='lat' dir='ltr'><strong>aetate</strong></span> <span class='ocrx_word' id='word_1_102' title='bbox 344 1791 407 1853; x_wconf 89' lang='lat' dir='ltr'><strong>iam</strong></span> <span class='ocrx_word' id='word_1_103' title='bbox 432 1791 621 1874; x_wconf 87' lang='lat' dir='ltr'><strong>provectiori</strong></span> <span class='ocrx_word' id='word_1_104' title='bbox 645 1790 684 1853; x_wconf 92' lang='lat' dir='ltr'><strong>de</strong></span> <span class='ocrx_word' id='word_1_105' title='bbox 707 1810 740 1854; x_wconf 90' lang='lat' dir='ltr'><strong>se</strong></span> <span class='ocrx_word' id='word_1_106' title='bbox 764 1791 818 1853; x_wconf 88' lang='lat' dir='ltr'><strong>vix</strong></span> <span class='ocrx_word' id='word_1_107' title='bbox 843 1786 1003 1853; x_wconf 88' lang='lat' dir='ltr'><strong>affirmare</strong></span> <span class='ocrx_word' id='word_1_108' title='bbox 1025 1791 1135 1872; x_wconf 70' lang='lat' dir='ltr'><strong>licetl)</strong></span> 
     </span>
    </p>

    <p class='ocr_par' dir='ltr' id='par_1_4' title="bbox 219 1897 1394 2841">
     <span class='ocr_line' id='line_1_15' title="bbox 309 1897 1394 1983; baseline 0.001 -23"><span class='ocrx_word' id='word_1_109' title='bbox 309 1897 394 1983; x_wconf 81' lang='lat' dir='ltr'><strong>Ergo</strong></span> <span class='ocrx_word' id='word_1_110' title='bbox 418 1905 454 1962; x_wconf 91' lang='lat' dir='ltr'><strong>ut</strong></span> <span class='ocrx_word' id='word_1_111' title='bbox 476 1919 634 1964; x_wconf 89' lang='lat' dir='ltr'><strong>summam</strong></span> <span class='ocrx_word' id='word_1_112' title='bbox 656 1898 906 1982; x_wconf 79' lang='lat' dir='ltr'><strong>probabilitatem</strong></span> <span class='ocrx_word' id='word_1_113' title='bbox 932 1897 1057 1980; x_wconf 89' lang='lat' dir='ltr'><strong>babent,</strong></span> <span class='ocrx_word' id='word_1_114' title='bbox 1082 1917 1163 1981; x_wconf 90' lang='lat' dir='ltr'><strong>quae</strong></span> <span class='ocrx_word' id='word_1_115' title='bbox 1185 1899 1218 1960; x_wconf 93' lang='lat' dir='ltr'><strong>iu</strong></span> <span class='ocrx_word' id='word_1_116' title='bbox 1236 1900 1394 1962; x_wconf 89' lang='lat' dir='ltr'><strong>invectiva</strong></span> 
     </span>
     <span class='ocr_line' id='line_1_16' title="bbox 221 2005 1393 2087; baseline 0.001 -20"><span class='ocrx_word' id='word_1_117' title='bbox 221 2009 346 2069; x_wconf 81' lang='lat' dir='ltr'><strong>exstant</strong></span> <span class='ocrx_word' id='word_1_118' title='bbox 369 2007 407 2069; x_wconf 91' lang='lat' dir='ltr'><strong>de</strong></span> <span class='ocrx_word' id='word_1_119' title='bbox 431 2007 562 2069; x_wconf 87' lang='lat' dir='ltr'><strong>oratoris</strong></span> <span class='ocrx_word' id='word_1_120' title='bbox 585 2010 686 2069; x_wconf 88' lang='lat' dir='ltr'><strong>aetate</strong></span> <span class='ocrx_word' id='word_1_121' title='bbox 713 2025 749 2068; x_wconf 91' lang='lat' dir='ltr'><strong>ac</strong></span> <span class='ocrx_word' id='word_1_122' title='bbox 778 2005 817 2068; x_wconf 89' lang='lat' dir='ltr'><strong>do</strong></span> <span class='ocrx_word' id='word_1_123' title='bbox 846 2005 1010 2087; x_wconf 90' lang='lat' dir='ltr'><strong>stipendiis</strong></span> <span class='ocrx_word' id='word_1_124' title='bbox 1038 2023 1102 2068; x_wconf 93' lang='lat' dir='ltr'><strong>non</strong></span> <span class='ocrx_word' id='word_1_125' title='bbox 1129 2005 1228 2086; x_wconf 86' lang='lat' dir='ltr'><strong>lactis,</strong></span> <span class='ocrx_word' id='word_1_126' title='bbox 1255 2007 1300 2069; x_wconf 90' lang='lat' dir='ltr'><strong>ita</strong></span> <span class='ocrx_word' id='word_1_127' title='bbox 1327 2007 1393 2068; x_wconf 89' lang='lat' dir='ltr'><strong>veri</strong></span> 
     </span>
     <span class='ocr_line' id='line_1_17' title="bbox 220 2111 1394 2195; baseline 0.003 -23"><span class='ocrx_word' id='word_1_128' title='bbox 220 2115 267 2173; x_wconf 91' lang='lat' dir='ltr'><strong>est</strong></span> <span class='ocrx_word' id='word_1_129' title='bbox 301 2111 561 2194; x_wconf 86' lang='lat' dir='ltr'><strong>dissimillimum,</strong></span> <span class='ocrx_word' id='word_1_130' title='bbox 602 2113 808 2195; x_wconf 88' lang='lat' dir='ltr'><strong>posteriorem</strong></span> <span class='ocrx_word' id='word_1_131' title='bbox 851 2116 1010 2175; x_wconf 89' lang='lat' dir='ltr'><strong>auctorem</strong></span> <span class='ocrx_word' id='word_1_132' title='bbox 1049 2116 1111 2174; x_wconf 90' lang='lat' dir='ltr'><strong>tam</strong></span> <span class='ocrx_word' id='word_1_133' title='bbox 1155 2113 1290 2194; x_wconf 91' lang='lat' dir='ltr'><strong>peritum</strong></span> <span class='ocrx_word' id='word_1_134' title='bbox 1326 2131 1394 2176; x_wconf 90' lang='lat' dir='ltr'><strong>esse</strong></span> 
     </span>
     <span class='ocr_line' id='line_1_18' title="bbox 221 2218 1393 2303; baseline 0.002 -24"><span class='ocrx_word' id='word_1_135' title='bbox 221 2236 339 2300; x_wconf 85' lang='lat' dir='ltr'><strong>eorum,</strong></span> <span class='ocrx_word' id='word_1_136' title='bbox 367 2239 448 2303; x_wconf 91' lang='lat' dir='ltr'><strong>quae</strong></span> <span class='ocrx_word' id='word_1_137' title='bbox 472 2221 511 2283; x_wconf 89' lang='lat' dir='ltr'><strong>ad</strong></span> <span class='ocrx_word' id='word_1_138' title='bbox 533 2220 625 2283; x_wconf 92' lang='lat' dir='ltr'><strong>illum</strong></span> <span class='ocrx_word' id='word_1_139' title='bbox 649 2219 791 2282; x_wconf 90' lang='lat' dir='ltr'><strong>tendunt.</strong></span> <span class='ocrx_word' id='word_1_140' title='bbox 838 2218 970 2283; x_wconf 87' lang='lat' dir='ltr'><strong>Accedit</strong></span> <span class='ocrx_word' id='word_1_141' title='bbox 992 2239 1092 2282; x_wconf 93' lang='lat' dir='ltr'><strong>uuum</strong></span> <span class='ocrx_word' id='word_1_142' title='bbox 1118 2220 1263 2302; x_wconf 91' lang='lat' dir='ltr'><strong>quamvis</strong></span> <span class='ocrx_word' id='word_1_143' title='bbox 1287 2220 1393 2282; x_wconf 91' lang='lat' dir='ltr'><strong>minus</strong></span> 
     </span>
     <span class='ocr_line' id='line_1_19' title="bbox 219 2325 1394 2410; baseline 0 -22"><span class='ocrx_word' id='word_1_144' title='bbox 219 2344 324 2408; x_wconf 84' lang='lat' dir='ltr'><strong>grave.</strong></span> <span class='ocrx_word' id='word_1_145' title='bbox 362 2325 491 2391; x_wconf 82' lang='lat' dir='ltr'><strong>Constat</strong></span> <span class='ocrx_word' id='word_1_146' title='bbox 502 2326 654 2391; x_wconf 87' lang='lat' dir='ltr'><strong>Demetrii</strong></span> <span class='ocrx_word' id='word_1_147' title='bbox 669 2326 813 2390; x_wconf 88' lang='lat' dir='ltr'><strong>Phalerei</strong></span> <span class='ocrx_word' id='word_1_148' title='bbox 829 2331 937 2408; x_wconf 91' lang='lat' dir='ltr'><strong>aetate,</strong></span> <span class='ocrx_word' id='word_1_149' title='bbox 953 2346 1016 2410; x_wconf 90' lang='lat' dir='ltr'><strong>qua</strong></span> <span class='ocrx_word' id='word_1_150' title='bbox 1034 2331 1176 2390; x_wconf 85' lang='lat' dir='ltr'><strong>exortam</strong></span> <span class='ocrx_word' id='word_1_151' title='bbox 1196 2345 1264 2390; x_wconf 90' lang='lat' dir='ltr'><strong>esse</strong></span> <span class='ocrx_word' id='word_1_152' title='bbox 1281 2327 1394 2389; x_wconf 89' lang='lat' dir='ltr'><strong>oratio-</strong></span> 
     </span>
     <span class='ocr_line' id='line_1_20' title="bbox 221 2426 1391 2525; baseline -0.003 -29"><span class='ocrx_word' id='word_1_153' title='bbox 221 2451 294 2525; x_wconf 83' lang='lat' dir='ltr'><strong>pem</strong></span> <span class='ocrx_word' id='word_1_154' title='bbox 316 2426 388 2498; x_wconf 72' lang='grc' dir='ltr'><strong><em>κατ’</em></strong></span> <span class='ocrx_word' id='word_1_155' title='bbox 408 2427 601 2498; x_wconf 76' lang='grc' dir='ltr'><strong><em>Ἀνδοκίδου</em></strong></span> <span class='ocrx_word' id='word_1_156' title='bbox 621 2433 738 2497; x_wconf 83' lang='lat' dir='ltr'><strong>Sluiter</strong></span> <span class='ocrx_word' id='word_1_157' title='bbox 761 2436 915 2517; x_wconf 83' lang='lat' dir='ltr'><strong>opinatur,</strong></span> <span class='ocrx_word' id='word_1_158' title='bbox 938 2435 1023 2516; x_wconf 88' lang='lat' dir='ltr'><strong>ipsos</strong></span> <span class='ocrx_word' id='word_1_159' title='bbox 1047 2436 1131 2496; x_wconf 91' lang='lat' dir='ltr'><strong>cives</strong></span> <span class='ocrx_word' id='word_1_160' title='bbox 1151 2452 1215 2495; x_wconf 95' lang='lat' dir='ltr'><strong>non</strong></span> <span class='ocrx_word' id='word_1_161' title='bbox 1234 2436 1297 2496; x_wconf 91' lang='lat' dir='ltr'><strong>iam</strong></span> <span class='ocrx_word' id='word_1_162' title='bbox 1319 2432 1391 2495; x_wconf 89' lang='lat' dir='ltr'><strong>belli</strong></span> 
     </span>
     <span class='ocr_line' id='line_1_21' title="bbox 220 2539 1390 2621; baseline -0.003 -20"><span class='ocrx_word' id='word_1_163' title='bbox 220 2558 387 2603; x_wconf 86' lang='lat' dir='ltr'><strong>aerumnas</strong></span> <span class='ocrx_word' id='word_1_164' title='bbox 410 2541 541 2621; x_wconf 81' lang='lat' dir='ltr'><strong>subisse,</strong></span> <span class='ocrx_word' id='word_1_165' title='bbox 564 2541 619 2604; x_wconf 88' lang='lat' dir='ltr'><strong>sed</strong></span> <span class='ocrx_word' id='word_1_166' title='bbox 643 2558 683 2603; x_wconf 86' lang='lat' dir='ltr'><strong>ex</strong></span> <span class='ocrx_word' id='word_1_167' title='bbox 706 2540 930 2603; x_wconf 89' lang='lat' dir='ltr'><strong>mercennariis</strong></span> <span class='ocrx_word' id='word_1_168' title='bbox 954 2539 1095 2621; x_wconf 91' lang='lat' dir='ltr'><strong>undique</strong></span> <span class='ocrx_word' id='word_1_169' title='bbox 1119 2541 1276 2620; x_wconf 81' lang='lat' dir='ltr'><strong>congestis</strong></span> <span class='ocrx_word' id='word_1_170' title='bbox 1301 2556 1390 2600; x_wconf 82' lang='lat' dir='ltr'><strong>exer-</strong></span> 
     </span>
     <span class='ocr_line' id='line_1_22' title="bbox 220 2643 1391 2712; baseline -0.006 -2"><span class='ocrx_word' id='word_1_171' title='bbox 220 2650 301 2710; x_wconf 87' lang='lat' dir='ltr'><strong>citus</strong></span> <span class='ocrx_word' id='word_1_172' title='bbox 325 2648 542 2711; x_wconf 89' lang='lat' dir='ltr'><strong>conformasse.</strong></span> <span class='ocrx_word' id='word_1_173' title='bbox 579 2647 657 2712; x_wconf 80' lang='lat' dir='ltr'><strong>Tum</strong></span> <span class='ocrx_word' id='word_1_174' title='bbox 681 2646 786 2710; x_wconf 87' lang='lat' dir='ltr'><strong>forsan</strong></span> <span class='ocrx_word' id='word_1_175' title='bbox 810 2665 874 2709; x_wconf 94' lang='lat' dir='ltr'><strong>non</strong></span> <span class='ocrx_word' id='word_1_176' title='bbox 897 2650 1021 2708; x_wconf 89' lang='lat' dir='ltr'><strong>tanturn</strong></span> <span class='ocrx_word' id='word_1_177' title='bbox 1040 2644 1225 2708; x_wconf 89' lang='lat' dir='ltr'><strong>attributum</strong></span> <span class='ocrx_word' id='word_1_178' title='bbox 1245 2648 1326 2709; x_wconf 91' lang='lat' dir='ltr'><strong>esset</strong></span> <span class='ocrx_word' id='word_1_179' title='bbox 1345 2643 1391 2704; x_wconf 93' lang='lat' dir='ltr'><strong>illi</strong></span> 
     </span>
     <span class='ocr_line' id='line_1_23' title="bbox 219 2737 1111 2841; baseline -0.002 -24"><span class='ocrx_word' id='word_1_180' title='bbox 219 2745 274 2831; x_wconf 68' lang='lat' dir='ltr'><strong>‘dg</strong></span> <span class='ocrx_word' id='word_1_181' title='bbox 297 2746 493 2841; x_wconf 76' lang='grc' dir='ltr'><strong><em>στρατιώτης</em></strong></span> <span class='ocrx_word' id='word_1_182' title='bbox 515 2746 666 2840; x_wconf 54' lang='grc' dir='ltr'><strong>ἀγαθός).</strong></span> <span class='ocrx_word' id='word_1_183' title='bbox 712 2753 829 2817; x_wconf 80' lang='lat' dir='ltr'><strong>Tamen</strong></span> <span class='ocrx_word' id='word_1_184' title='bbox 853 2754 912 2816; x_wconf 93' lang='lat' dir='ltr'><strong>hoc</strong></span> <span class='ocrx_word' id='word_1_185' title='bbox 935 2752 1042 2817; x_wconf 86' lang='lat' dir='ltr'><strong>obiter.</strong></span> <span class='ocrx_word' id='word_1_186' title='bbox 1107 2737 1111 2746; x_wconf 50' lang='lat'>¹</span> 
     </span>
    </p>

    <p class='ocr_par' dir='ltr' id='par_1_5' title="bbox 220 2853 1394 3481">
     <span class='ocr_line' id='line_1_24' title="bbox 308 2853 1394 2946; baseline 0 -24"><span class='ocrx_word' id='word_1_187' title='bbox 308 2859 403 2924; x_wconf 91' lang='lat' dir='ltr'><strong>Haud</strong></span> <span class='ocrx_word' id='word_1_188' title='bbox 431 2863 496 2924; x_wconf 91' lang='lat' dir='ltr'><strong>scio</strong></span> <span class='ocrx_word' id='word_1_189' title='bbox 527 2882 567 2925; x_wconf 93' lang='lat' dir='ltr'><strong>an</strong></span> <span class='ocrx_word' id='word_1_190' title='bbox 595 2863 724 2945; x_wconf 91' lang='lat' dir='ltr'><strong>insuper</strong></span> <span class='ocrx_word' id='word_1_191' title='bbox 752 2880 793 2924; x_wconf 85' lang='lat' dir='ltr'><strong>ox</strong></span> <span class='ocrx_word' id='word_1_192' title='bbox 817 2856 845 2942; x_wconf 63' lang='lat'><strong>§1</strong></span> <span class='ocrx_word' id='word_1_193' title='bbox 875 2861 945 2923; x_wconf 71' lang='lat'><strong>47⁸⁰</strong></span> <span class='ocrx_word' id='word_1_194' title='bbox 969 2859 1073 2923; x_wconf 91' lang='lat' dir='ltr'><strong>verbis</strong></span> <span class='ocrx_word' id='word_1_195' title='bbox 1101 2857 1200 2946; x_wconf 75' lang='grc' dir='ltr'><strong><em>ἕτεροι</em></strong></span> <span class='ocrx_word' id='word_1_196' title='bbox 1228 2853 1394 2946; x_wconf 63' lang='grc' dir='ltr'><strong><em>(πίτνοντος</em></strong></span> 
     </span>
     <span class='ocr_line' id='line_1_25' title="bbox 220 2957 1393 3055; baseline -0.003 -24"><span class='ocrx_word' id='word_1_197' title='bbox 220 2964 254 3031; x_wconf 77' lang='grc' dir='ltr'><strong>ἐν</strong></span> <span class='ocrx_word' id='word_1_198' title='bbox 266 2957 493 3055; x_wconf 75' lang='grc' dir='ltr'><strong><em>Ἑλλησπόντῳ</em></strong></span> <span class='ocrx_word' id='word_1_199' title='bbox 510 2962 784 3055; x_wconf 66' lang='grc' dir='ltr'><strong><em>συνετριηράρχουν</em></strong></span> <span class='ocrx_word' id='word_1_200' title='bbox 799 2968 919 3051; x_wconf 87' lang='lat' dir='ltr'><strong>aliquid</strong></span> <span class='ocrx_word' id='word_1_201' title='bbox 940 2968 1075 3049; x_wconf 84' lang='lat' dir='ltr'><strong>enodare</strong></span> <span class='ocrx_word' id='word_1_202' title='bbox 1089 2969 1255 3050; x_wconf 76' lang='lat' dir='ltr'><strong>possimus</strong></span> <span class='ocrx_word' id='word_1_203' title='bbox 1304 2967 1393 3030; x_wconf 85' lang='lat' dir='ltr'><strong>Post-</strong></span> 
     </span>
     <span class='ocr_line' id='line_1_26' title="bbox 221 3074 1392 3157; baseline -0.002 -21"><span class='ocrx_word' id='word_1_204' title='bbox 221 3093 317 3155; x_wconf 90' lang='lat' dir='ltr'><strong>quam</strong></span> <span class='ocrx_word' id='word_1_205' title='bbox 341 3076 526 3138; x_wconf 88' lang='lat' dir='ltr'><strong>criminatus</strong></span> <span class='ocrx_word' id='word_1_206' title='bbox 549 3080 596 3138; x_wconf 89' lang='lat' dir='ltr'><strong>est</strong></span> <span class='ocrx_word' id='word_1_207' title='bbox 619 3080 781 3138; x_wconf 89' lang='lat' dir='ltr'><strong>accusator</strong></span> <span class='ocrx_word' id='word_1_208' title='bbox 804 3094 894 3138; x_wconf 86' lang='lat' dir='ltr'><strong>reum</strong></span> <span class='ocrx_word' id='word_1_209' title='bbox 918 3094 1084 3157; x_wconf 92' lang='lat' dir='ltr'><strong>nunquam</strong></span> <span class='ocrx_word' id='word_1_210' title='bbox 1103 3094 1190 3139; x_wconf 89' lang='lat' dir='ltr'><strong>arma</strong></span> <span class='ocrx_word' id='word_1_211' title='bbox 1208 3074 1318 3138; x_wconf 86' lang='lat' dir='ltr'><strong>tulisse</strong></span> <span class='ocrx_word' id='word_1_212' title='bbox 1336 3092 1392 3156; x_wconf 89' lang='lat' dir='ltr'><strong>pro</strong></span> 
     </span>
     <span class='ocr_line' id='line_1_27' title="bbox 220 3180 1392 3266; baseline 0 -23"><span class='ocrx_word' id='word_1_213' title='bbox 220 3183 333 3264; x_wconf 87' lang='lat' dir='ltr'><strong>patria,</strong></span> <span class='ocrx_word' id='word_1_214' title='bbox 362 3181 451 3245; x_wconf 87' lang='lat' dir='ltr'><strong>addit</strong></span> <span class='ocrx_word' id='word_1_215' title='bbox 473 3183 550 3246; x_wconf 89' lang='lat' dir='ltr'><strong>alios</strong></span> <span class='ocrx_word' id='word_1_216' title='bbox 574 3183 764 3266; x_wconf 89' lang='lat' dir='ltr'><strong>eosdemque</strong></span> <span class='ocrx_word' id='word_1_217' title='bbox 788 3182 898 3246; x_wconf 84' lang='lat' dir='ltr'><strong>exules</strong></span> <span class='ocrx_word' id='word_1_218' title='bbox 920 3182 954 3244; x_wconf 90' lang='lat' dir='ltr'><strong>in</strong></span> <span class='ocrx_word' id='word_1_219' title='bbox 978 3180 1183 3266; x_wconf 89' lang='lat' dir='ltr'><strong>Hellesponto</strong></span> <span class='ocrx_word' id='word_1_220' title='bbox 1207 3201 1279 3246; x_wconf 91' lang='lat' dir='ltr'><strong>cnm</strong></span> <span class='ocrx_word' id='word_1_221' title='bbox 1304 3183 1392 3244; x_wconf 90' lang='lat' dir='ltr'><strong>trire-</strong></span> 
     </span>
     <span class='ocr_line' id='line_1_28' title="bbox 221 3280 1391 3375; baseline 0 -25"><span class='ocrx_word' id='word_1_222' title='bbox 221 3288 326 3352; x_wconf 90' lang='lat' dir='ltr'><strong>mibus</strong></span> <span class='ocrx_word' id='word_1_223' title='bbox 349 3290 591 3354; x_wconf 88' lang='lat' dir='ltr'><strong>Atheniensium</strong></span> <span class='ocrx_word' id='word_1_224' title='bbox 616 3291 709 3353; x_wconf 90' lang='lat' dir='ltr'><strong>classi</strong></span> <span class='ocrx_word' id='word_1_225' title='bbox 732 3289 925 3353; x_wconf 90' lang='lat' dir='ltr'><strong>subvenisse.</strong></span> <span class='ocrx_word' id='word_1_226' title='bbox 980 3288 1066 3352; x_wconf 93' lang='lat' dir='ltr'><strong>Illud</strong></span> <span class='ocrx_word' id='word_1_227' title='bbox 1090 3287 1133 3368; x_wconf 81' lang='grc' dir='ltr'><strong>,ἒν</strong></span> <span class='ocrx_word' id='word_1_228' title='bbox 1153 3280 1391 3375; x_wconf 83' lang='grc' dir='ltr'><strong><em>Ἓλλησπόντηι’</em></strong></span> 
     </span>
     <span class='ocr_line' id='line_1_29' title="bbox 221 3395 1391 3481; baseline -0.002 -23"><span class='ocrx_word' id='word_1_229' title='bbox 221 3396 419 3460; x_wconf 89' lang='lat' dir='ltr'><strong>referendum</strong></span> <span class='ocrx_word' id='word_1_230' title='bbox 438 3416 506 3462; x_wconf 91' lang='lat' dir='ltr'><strong>esse</strong></span> <span class='ocrx_word' id='word_1_231' title='bbox 525 3399 564 3461; x_wconf 90' lang='lat' dir='ltr'><strong>ad</strong></span> <span class='ocrx_word' id='word_1_232' title='bbox 582 3417 721 3481; x_wconf 83' lang='lat' dir='ltr'><strong>pugnam</strong></span> <span class='ocrx_word' id='word_1_233' title='bbox 738 3398 769 3459; x_wconf 93' lang='lat' dir='ltr'><strong>in</strong></span> <span class='ocrx_word' id='word_1_234' title='bbox 787 3399 892 3479; x_wconf 85' lang='lat' dir='ltr'><strong>Aegos</strong></span> <span class='ocrx_word' id='word_1_235' title='bbox 911 3395 1043 3460; x_wconf 88' lang='lat' dir='ltr'><strong>flumine</strong></span> <span class='ocrx_word' id='word_1_236' title='bbox 1062 3397 1261 3459; x_wconf 90' lang='lat' dir='ltr'><strong>commissam</strong></span> <span class='ocrx_word' id='word_1_237' title='bbox 1282 3395 1391 3458; x_wconf 89' lang='lat' dir='ltr'><strong>elucet.</strong></span> 
     </span>
    </p>
   </div>
   <div class='ocr_carea' id='block_1_3' title="bbox 222 3503 1492 3594">
    <p class='ocr_par' dir='ltr' id='par_1_6' title="bbox 222 3503 1492 3594">
     <span class='ocr_line' id='line_1_30' title="bbox 222 3503 1492 3594; baseline -0.002 -28"><span class='ocrx_word' id='word_1_238' title='bbox 222 3505 329 3586; x_wconf 87' lang='lat' dir='ltr'><strong>Atque</strong></span> <span class='ocrx_word' id='word_1_239' title='bbox 353 3505 401 3568; x_wconf 90' lang='lat' dir='ltr'><strong>bis</strong></span> <span class='ocrx_word' id='word_1_240' title='bbox 425 3505 529 3569; x_wconf 89' lang='lat' dir='ltr'><strong>verbis</strong></span> <span class='ocrx_word' id='word_1_241' title='bbox 553 3504 651 3568; x_wconf 90' lang='lat' dir='ltr'><strong>alludi</strong></span> <span class='ocrx_word' id='word_1_242' title='bbox 675 3505 714 3568; x_wconf 92' lang='lat' dir='ltr'><strong>ad</strong></span> <span class='ocrx_word' id='word_1_243' title='bbox 737 3523 787 3567; x_wconf 92' lang='lat' dir='ltr'><strong>res</strong></span> <span class='ocrx_word' id='word_1_244' title='bbox 811 3522 884 3567; x_wconf 89' lang='lat' dir='ltr'><strong>vere</strong></span> <span class='ocrx_word' id='word_1_245' title='bbox 907 3510 1010 3587; x_wconf 85' lang='lat' dir='ltr'><strong>gestas</strong></span> <span class='ocrx_word' id='word_1_246' title='bbox 1034 3504 1185 3587; x_wconf 90' lang='lat' dir='ltr'><strong>suspicari</strong></span> <span class='ocrx_word' id='word_1_247' title='bbox 1206 3522 1269 3566; x_wconf 93' lang='lat' dir='ltr'><strong>non</strong></span> <span class='ocrx_word' id='word_1_248' title='bbox 1289 3503 1391 3566; x_wconf 92' lang='lat' dir='ltr'><strong>solum</strong></span> <span class='ocrx_word' id='word_1_249' title='bbox 1490 3590 1492 3594; x_wconf 13' lang='grc' dir='ltr'><strong><em>ι</em></strong></span> 
     </span>
    </p>
   </div>
   <div class='ocr_carea' id='block_1_4' title="bbox 221 3609 1392 3694">
    <p class='ocr_par' dir='ltr' id='par_1_7' title="bbox 221 3609 1392 3694">
     <span class='ocr_line' id='line_1_31' title="bbox 221 3609 1392 3694; baseline -0.003 -21"><span class='ocrx_word' id='word_1_250' title='bbox 221 3629 388 3692; x_wconf 88' lang='lat' dir='ltr'><strong>possumus</strong></span> <span class='ocrx_word' id='word_1_251' title='bbox 418 3614 472 3676; x_wconf 90' lang='lat' dir='ltr'><strong>sed</strong></span> <span class='ocrx_word' id='word_1_252' title='bbox 504 3613 667 3694; x_wconf 85' lang='lat' dir='ltr'><strong>debemus,</strong></span> <span class='ocrx_word' id='word_1_253' title='bbox 698 3631 770 3675; x_wconf 90' lang='lat' dir='ltr'><strong>cum</strong></span> <span class='ocrx_word' id='word_1_254' title='bbox 801 3611 891 3674; x_wconf 90' lang='lat' dir='ltr'><strong>aliter</strong></span> <span class='ocrx_word' id='word_1_255' title='bbox 919 3609 1004 3675; x_wconf 87' lang='lat' dir='ltr'><strong>talis</strong></span> <span class='ocrx_word' id='word_1_256' title='bbox 1019 3613 1180 3676; x_wconf 88' lang='lat' dir='ltr'><strong>annotatio</strong></span> <span class='ocrx_word' id='word_1_257' title='bbox 1208 3609 1316 3694; x_wconf 88' lang='lat' dir='ltr'><strong>inepta</strong></span> <span class='ocrx_word' id='word_1_258' title='bbox 1343 3611 1392 3672; x_wconf 88' lang='lat' dir='ltr'><strong>sit.</strong></span> 
     </span>
    </p>
   </div>
   <div class='ocr_carea' id='block_1_5' title="bbox 113 3709 1392 3807">
    <p class='ocr_par' dir='ltr' id='par_1_8' title="bbox 113 3709 1392 3807">
     <span class='ocr_line' id='line_1_32' title="bbox 113 3709 1392 3807; baseline 0 -29"><span class='ocrx_word' id='word_1_259' title='bbox 113 3757 118 3765; x_wconf 88' lang='lat'>-</span> <span class='ocrx_word' id='word_1_260' title='bbox 221 3715 265 3778; x_wconf 91' lang='lat' dir='ltr'><strong>lis</strong></span> <span class='ocrx_word' id='word_1_261' title='bbox 281 3721 386 3780; x_wconf 88' lang='lat' dir='ltr'><strong>autem</strong></span> <span class='ocrx_word' id='word_1_262' title='bbox 403 3721 458 3801; x_wconf 91' lang='lat' dir='ltr'><strong>qui</strong></span> <span class='ocrx_word' id='word_1_263' title='bbox 475 3718 553 3783; x_wconf 91' lang='lat' dir='ltr'><strong>illud</strong></span> <span class='ocrx_word' id='word_1_264' title='bbox 570 3717 684 3807; x_wconf 68' lang='grc' dir='ltr'><strong><em>,ἕτεροι</em></strong></span> <span class='ocrx_word' id='word_1_265' title='bbox 699 3713 876 3807; x_wconf 50' lang='grc' dir='ltr'><strong><em>φεύγοντες(</em></strong></span> <span class='ocrx_word' id='word_1_266' title='bbox 886 3709 1043 3803; x_wconf 82' lang='lat' dir='ltr'><strong>¹scriptum</strong></span> <span class='ocrx_word' id='word_1_267' title='bbox 1060 3719 1209 3782; x_wconf 90' lang='lat' dir='ltr'><strong>videbant</strong></span> <span class='ocrx_word' id='word_1_268' title='bbox 1222 3718 1274 3781; x_wconf 89' lang='lat' dir='ltr'><strong>vol</strong></span> <span class='ocrx_word' id='word_1_269' title='bbox 1286 3717 1392 3780; x_wconf 92' lang='lat' dir='ltr'><strong>audie·</strong></span> 
     </span>
    </p>
   </div>
   <div class='ocr_carea' id='block_1_6' title="bbox 222 3824 1391 4126">
    <p class='ocr_par' dir='ltr' id='par_1_9' title="bbox 222 3824 1391 4126">
     <span class='ocr_line' id='line_1_33' title="bbox 222 3824 1391 3908; baseline -0.003 -21"><span class='ocrx_word' id='word_1_270' title='bbox 222 3824 305 3908; x_wconf 83' lang='lat' dir='ltr'><strong>baut,</strong></span> <span class='ocrx_word' id='word_1_271' title='bbox 329 3826 459 3889; x_wconf 82' lang='lat' dir='ltr'><strong>exulum</strong></span> <span class='ocrx_word' id='word_1_272' title='bbox 489 3827 616 3890; x_wconf 89' lang='lat' dir='ltr'><strong>illorum</strong></span> <span class='ocrx_word' id='word_1_273' title='bbox 640 3829 769 3889; x_wconf 91' lang='lat' dir='ltr'><strong>nomina</strong></span> <span class='ocrx_word' id='word_1_274' title='bbox 792 3833 867 3889; x_wconf 92' lang='lat' dir='ltr'><strong>nota</strong></span> <span class='ocrx_word' id='word_1_275' title='bbox 889 3827 986 3889; x_wconf 87' lang='lat' dir='ltr'><strong>fuisse</strong></span> <span class='ocrx_word' id='word_1_276' title='bbox 1010 3825 1147 3908; x_wconf 89' lang='lat' dir='ltr'><strong>proclive</strong></span> <span class='ocrx_word' id='word_1_277' title='bbox 1170 3829 1217 3886; x_wconf 90' lang='lat' dir='ltr'><strong>ost</strong></span> <span class='ocrx_word' id='word_1_278' title='bbox 1239 3824 1391 3886; x_wconf 89' lang='lat' dir='ltr'><strong>coniectu.</strong></span> 
     </span>
     <span class='ocr_line' id='line_1_34' title="bbox 311 3930 1386 4027; baseline -0.005 -31"><span class='ocrx_word' id='word_1_279' title='bbox 311 3934 416 3997; x_wconf 91' lang='lat' dir='ltr'><strong>Aliam</strong></span> <span class='ocrx_word' id='word_1_280' title='bbox 439 3953 547 3997; x_wconf 90' lang='lat' dir='ltr'><strong>ansam</strong></span> <span class='ocrx_word' id='word_1_281' title='bbox 570 3936 719 4017; x_wconf 89' lang='lat' dir='ltr'><strong>temporis</strong></span> <span class='ocrx_word' id='word_1_282' title='bbox 743 3933 895 4016; x_wconf 88' lang='lat' dir='ltr'><strong>praebent</strong></span> <span class='ocrx_word' id='word_1_283' title='bbox 917 3932 1008 3995; x_wconf 93' lang='lat' dir='ltr'><strong>nobis</strong></span> <span class='ocrx_word' id='word_1_284' title='bbox 1031 3931 1127 3994; x_wconf 89' lang='lat' dir='ltr'><strong>verba</strong></span> <span class='ocrx_word' id='word_1_285' title='bbox 1150 3935 1168 4011; x_wconf 58' lang='grc' dir='ltr'><strong><em>ς</em></strong></span> <span class='ocrx_word' id='word_1_286' title='bbox 1193 3930 1244 3994; x_wconf 90' lang='grc'><strong>30.</strong></span> <span class='ocrx_word' id='word_1_287' title='bbox 1380 4017 1386 4027; x_wconf 73' lang='lat'><em>,</em></span> 
     </span>
     <span class='ocr_line' id='line_1_35' title="bbox 309 4031 1390 4126; baseline -0.005 -20"><span class='ocrx_word' id='word_1_288' title='bbox 309 4036 349 4106; x_wconf 82' lang='grc' dir='ltr'><em>τό</em></span> <span class='ocrx_word' id='word_1_289' title='bbox 374 4038 409 4105; x_wconf 78' lang='grc' dir='ltr'><strong>δὲ</strong></span> <span class='ocrx_word' id='word_1_290' title='bbox 431 4041 609 4104; x_wconf 79' lang='grc' dir='ltr'><strong><em>τελευταῖον</em></strong></span> <span class='ocrx_word' id='word_1_291' title='bbox 633 4041 685 4104; x_wconf 82' lang='grc' dir='ltr'><strong>νῖν</strong></span> <span class='ocrx_word' id='word_1_292' title='bbox 708 4031 905 4126; x_wconf 74' lang='grc' dir='ltr'><strong><em>ἀφικόμενος</em></strong></span> <span class='ocrx_word' id='word_1_293' title='bbox 931 4034 976 4116; x_wconf 80' lang='grc' dir='ltr'><strong>εἷς</strong></span> <span class='ocrx_word' id='word_1_294' title='bbox 1006 4032 1061 4126; x_wconf 79' lang='grc' dir='ltr'><strong><em>τὴν</em></strong></span> <span class='ocrx_word' id='word_1_295' title='bbox 1089 4033 1189 4102; x_wconf 83' lang='grc' dir='ltr'><strong><em>πόλιν</em></strong></span> <span class='ocrx_word' id='word_1_296' title='bbox 1218 4035 1268 4115; x_wconf 76' lang='grc' dir='ltr'><strong>δὶς</strong></span> <span class='ocrx_word' id='word_1_297' title='bbox 1291 4035 1324 4101; x_wconf 75' lang='grc' dir='ltr'><strong>ἐν</strong></span> <span class='ocrx_word' id='word_1_298' title='bbox 1346 4038 1390 4124; x_wconf 59' lang='lat' dir='ltr'><strong>ad</strong></span> 
     </span>
    </p>
   </div>
   <div class='ocr_carea' id='block_1_7' title="bbox 312 4270 687 4339">
    <p class='ocr_par' dir='ltr' id='par_1_10' title="bbox 312 4270 687 4339">
     <span class='ocr_line' id='line_1_36' title="bbox 312 4270 687 4339; baseline -0.011 -14"><span class='ocrx_word' id='word_1_299' title='bbox 312 4271 332 4338; x_wconf 89' lang='lat'><strong>¹)</strong></span> <span class='ocrx_word' id='word_1_300' title='bbox 351 4271 385 4324; x_wconf 82' lang='lat' dir='ltr'><strong>cf.</strong></span> <span class='ocrx_word' id='word_1_301' title='bbox 399 4271 505 4339; x_wconf 89' lang='lat' dir='ltr'><strong>Lipsius</strong></span> <span class='ocrx_word' id='word_1_302' title='bbox 523 4270 540 4323; x_wconf 94' lang='lat' dir='ltr'><strong>l.</strong></span> <span class='ocrx_word' id='word_1_303' title='bbox 559 4270 576 4322; x_wconf 92' lang='lat' dir='ltr'><strong>l.</strong></span> <span class='ocrx_word' id='word_1_304' title='bbox 596 4287 620 4338; x_wconf 89' lang='lat' dir='ltr'><strong>p.</strong></span> <span class='ocrx_word' id='word_1_305' title='bbox 642 4270 687 4324; x_wconf 84' lang='lat' dir='ltr'><strong>VI.</strong></span> 
     </span>
    </p>
   </div>
   <div class='ocr_carea' id='block_1_8' title="bbox 0 0 1542 4936">
    <p class='ocr_par' dir='ltr' id='par_1_11' title="bbox 0 0 1542 4936">
     <span class='ocr_line' id='line_1_37' title="bbox 0 0 1542 4936; baseline 0 0"><span class='ocrx_word' id='word_1_306' title='bbox 0 0 1542 4936; x_wconf 95' lang='lat' dir='ltr'><strong> </strong></span> 
     </span>
    </p>
   </div>
  </div>
 </body>
</html>
