3074 4936
633 349 851 412 -15-

244 528 319 591 Alia
343 527 456 590 deinde
474 527 665 589 invectivam
684 527 716 588 in
736 529 877 610 tempore
896 526 960 589 litis
979 526 1180 589 Andocideae
1197 529 1328 607 ponunt.

243 634 326 698 Nam
350 634 556 718 posteriorem
580 633 736 696 rhetorem
760 633 969 716 cognitionem
995 651 1102 695 earum
1121 651 1227 694 rerum
1248 649 1328 713 quae

155 743 194 805 ad
218 746 371 805 oratorem
397 741 530 803 attinent
553 741 717 823 exipsius
748 741 793 802 rei
822 739 1002 803 defensione
1030 739 1211 821 depromere
1239 757 1327 820 opor-

155 850 253 912 tuisse
273 848 474 912 manifestum
499 854 553 929 est,
578 849 694 931 quippe
719 865 799 929 quae
823 847 861 909 ad
881 848 1112 910 accusationem
1131 845 1327 908 conscriben-

156 957 226 1018 dam
251 955 446 1038 inspicienda
469 958 559 1017 esset.
604 953 712 1016 Nihilo
736 955 834 1016 setius
864 954 955 1015 illum
984 958 1143 1016 auctorem
1171 971 1329 1015 nonnum·

156 1081 251 1145 quam
275 1063 350 1125 talia
372 1061 510 1144 proferre
533 1061 678 1123 videmus
703 1059 809 1142 qualia
832 1079 873 1123 err
896 1062 1016 1122 inimici
1040 1059 1143 1122 verbis
1171 1064 1330 1141 comperta

23 1232 52 1255 ,Ι
156 1167 270 1232 habere
293 1167 453 1251 nequibat.
491 1164 584 1240 Quod
606 1168 703 1248 igitur
722 1171 852 1248 constat,
875 1168 980 1250 ipsum
994 1166 1084 1229 illum
1105 1167 1327 1248 gnarissimum

156 1293 223 1338 esse
251 1293 357 1337 rerum
384 1273 654 1353 Andocidearum‚
689 1270 765 1336 inde
799 1276 975 1337 necessario
1003 1270 1255 1335 concludendum
1284 1278 1330 1335 est
1360 1298 1362 1302 ’

156 1380 281 1443 nullum
305 1381 367 1442 nisi
391 1380 553 1462 aequalem
578 1399 646 1443 esse
670 1400 743 1443 eum
772 1381 826 1463 qui
855 1381 1032 1462 composuit
1056 1377 1219 1460 Lysiacam
1250 1398 1330 1462 quae

154 1486 262 1553 fertur.

245 1592 364 1677 Delego
386 1595 524 1677 primum
549 1595 588 1656 ad
614 1595 632 1676 ς
656 1593 697 1656 46
722 1593 829 1657 verba:

245 1691 449 1766 οὐδεπώποτ’
483 1698 519 1764 ἐκ
550 1701 606 1787 τῆς
636 1693 766 1777 πόλεως
806 1694 1037 1787 ἕστροτοίοοτο
1068 1750 1075 1763 .
1101 1751 1108 1763 .
1135 1750 1141 1762 .
1175 1697 1281 1764 πλέον
1311 1692 1331 1763 ’ax

156 1801 394 1894 τετταράκοντα
417 1803 470 1894 ἔνη
493 1801 637 1892 γεγονώς.

248 1911 339 1988 Quod
373 1914 509 1997 legimus
544 1915 739 1977 Andocidem
775 1934 950 1997 numquam
987 1914 1141 1997 stipendia
1169 1914 1331 1992 meruisse,

158 2041 230 2085 oum
261 2019 443 2101 Thucydide
473 2026 592 2084 certare
624 2021 763 2103 videtur,
799 2023 854 2104 qui
886 2020 902 2083 Ι
934 2023 974 2084 51
1008 2021 1102 2084 refert
1135 2020 1330 2083 Andocidem

157 2127 317 2211 Leogorae
345 2127 449 2190 filium
483 2128 657 2212 praefuisse
692 2129 884 2212 expeditioni
912 2127 982 2190 XX
1009 2130 1137 2191 navium
1167 2147 1231 2190 una
1259 2146 1330 2189 oum

159 2235 320 2299 Glaucone
344 2236 495 2317 quodam:

248 2336 282 2405 oi
312 2336 416 2405 εἴκοσι
443 2341 512 2425 νῆες
536 2391 543 2405 .
569 2392 575 2405 .
602 2393 609 2405 .
634 2327 678 2406 ὧν
705 2329 776 2428 ἦρχε
805 2347 835 2403 Γ
833 2336 958 2406 lobnam
985 2365 1019 2404 τε
1048 2333 1066 2405 ὁ
1091 2336 1248 2427 Λεάγρου
1277 2338 1333 2404 καὶ

157 2439 343 2536 Ἀνδοκίδης
367 2437 384 2511 ὁ
409 2441 602 2536 Λεωγόρον.

249 2553 340 2630 Quod
369 2561 473 2618 tamen
502 2557 718 2621 testimonium
746 2558 935 2620 incensum
963 2575 1027 2618 non
1055 2557 1149 2637 venit,
1177 2555 1331 2637 siquidem

160 2664 359 2745 iampridem
379 2681 426 2742 ex,
440 2662 549 2726 Meieri
569 2664 607 2725 de
628 2664 791 2726 Andocide
810 2664 969 2746 praeclara
989 2664 1199 2746 disputatione
1215 2663 1332 2744 (opusc.

160 2766 176 2829 I
199 2789 226 2852 p,
255 2770 307 2849 98)
331 2769 478 2831 omnibus
507 2770 666 2852 probatur,
695 2776 848 2833 oratorem
873 2789 910 2833 eo
934 2789 1016 2834 anno
1041 2771 1129 2854 (433)
1154 2771 1333 2851 strategiam

161 2878 319 2958 suscipere
342 2877 484 2939 nondum
508 2879 648 2960 potuisse
671 2883 778 2960 utpote
802 2879 858 2960 qui
881 2898 944 2940 non
966 2878 1103 2941 multum
1123 2882 1194 2939 ante
1214 2896 1333 2939 annum

160 2983 224 3045 440
258 2988 352 3046 natus
394 2985 442 3046 sit.
505 2986 611 3066 Atque
650 3004 766 3048 nomen
802 2984 994 3067 ,Andocidis'
1028 2985 1097 3047 loco
1130 2983 1333 3065 Thucydideo

160 3090 281 3153 scribae
304 3110 409 3155 errore
433 3097 556 3155 exstare
581 3112 636 3175 pro
661 3090 871 3172 3Dracontide’
895 3094 971 3155 item
1000 3110 1109 3155 omnes
1139 3092 1231 3154 hodie
1259 3109 1332 3153 con-

160 3199 300 3260 sentiunt
324 3200 385 3261 nisi
408 3199 500 3262 titulo
525 3201 659 3282 quodam
686 3198 760 3262 OIA
783 3221 812 3261 n.
841 3200 912 3280 179,
935 3200 1021 3263 unde
1044 3199 1143 3282 liquet
1164 3198 1334 3261 Glauconis

160 3302 312 3387 collegam
331 3304 428 3368 fuisse
440 3304 663 3369 Dracontidem
682 3327 762 3390 pago
774 3307 885 3370 Thoria
904 3307 1085 3387 oriundum,
1104 3325 1197 3388 quem
1218 3325 1333 3388 pagum

161 3409 274 3491 Stahl1)
308 3414 383 3474 satis
416 3412 620 3495 probabiliter
655 3416 749 3477 evicit
783 3421 892 3477 contra
927 3412 1245 3495 Mulier-Strubmgu
1279 3415 1333 3495 qui

161 3514 361 3598 suppleverat
384 3519 559 3611 demoticon
585 3521 770 3607 Borfydevf)
811 3521 1010 3602 Thucydides
1034 3539 1107 3602 ergo
1131 3521 1175 3581 nil
1200 3519 1282 3582 valet
1301 3521 1332 3580 in

161 3621 342 3704 Ps-Lysiae
365 3624 470 3706 verba,
499 3645 581 3708 quae
604 3628 731 3689 aliunde
756 3647 883 3710 quoque
912 3629 1108 3690 muniuntur.
1156 3627 1334 3690 Andocides

161 3731 246 3792 enim
270 3739 353 3794 certe
375 3733 407 3792 in
432 3733 654 3795 enumerandis
677 3735 716 3795 iis
740 3733 842 3807 rebus,
873 3752 954 3815 quae
983 3732 1044 3794 sibi
1068 3753 1193 3795 causam
1220 3733 1334 3794 dicenti

161 3837 243 3902 bono
267 3857 335 3902 esse
357 3843 486 3922 possent
509 3840 639 3902 militiae
661 3858 780 3902 munus
802 3858 858 3922 pro
882 3839 1043 3922 republica
1066 3846 1247 3921 susceptum
1271 3858 1332 3900 non

162 3947 427 4027 praetermisisset.
476 3948 520 4009 At
544 3966 583 4010 ne
607 3946 740 4009 verbum
765 3947 893 4030 quidem
916 3947 973 4009 hac
997 3947 1036 4009 de
1053 3965 1092 4010 -re
1116 3946 1205 4009 affert
1231 3965 1334 4027 neque

162 4087 192 4093 ·-—
200 4089 307 4097 ——.-—-

251 4138 271 4203 ¹)
290 4138 385 4191 Rhein.
405 4141 528 4194 Museurn
547 4142 598 4194 XL
615 4158 640 4210 p,
661 4142 712 4195 439
732 4157 770 4207 sq.

252 4207 272 4274 ¹)
291 4209 482 4278 Aristophanes
501 4213 555 4264 und
574 4213 617 4265 die
636 4213 728 4266 histor.
748 4212 834 4264 Kritik
853 4228 878 4280 p.
899 4212 958 4265 600.

253 4278 272 4347 ³)
292 4280 327 4332 cf.
348 4297 452 4348 quoque
471 4283 577 4351 Lipsius
595 4283 612 4335 l.
632 4283 648 4335 l.
669 4300 693 4351 p.
713 4283 753 4336 Vl
771 4299 798 4335 n.
817 4282 842 4335 9.
