3074 4936
702 343 899 410 „gd

195 514 343 590 ¹simibet
366 527 406 610 (p.
430 528 486 611 45)
510 526 593 610 apud
617 526 812 608 Ps.·Lysiam
837 547 901 590 non
925 532 1050 591 tantum
1074 529 1153 591 rami
1180 526 1214 590 in
1242 524 1386 610 mysteri·

213 654 304 697 orum
337 634 545 697 celebratione
578 634 710 717 depositi
749 633 869 697 nullam
903 636 1102 724 mentionem
1137 653 1206 698 esse
1243 635 1269 714 (Ι
1303 637 1387 720 110),

157 821 164 831 .
212 741 267 804 sed
291 743 385 804 etiam
408 741 447 804 de
469 743 629 821 mysteriis
652 745 845 804 mentionem
869 759 937 804 esse
961 745 1123 825 tanquam
1136 742 1327 807 instantibus

301 851 332 927 §⁰
368 849 402 910 5⁸
433 845 489 911 καὶ
522 843 593 911 τίνα
631 841 756 935 γνώμην
790 839 892 912 οἴεσθ’
933 845 1013 927 ἕξειν
1050 843 1123 925 τοὺς
1160 842 1283 932 μίσεος
1315 846 1387 928 τοὺς

212 945 458 1041 ἀφικνουμένους
473 947 492 1029 li
509 949 581 1030 τοὺς
604 946 718 1032 ἄλλους
733 947 897 1041 Ἕλληνας,
918 950 953 1018 οἳ
967 952 1057 1018 ἕνεκα
1077 949 1192 1042 ταύτης
1209 957 1266 1034 τοῖς
1281 955 1387 1044 ἑορτῆς

212 1057 424 1147 (ἐπιδημοῦσι)
447 1084 510 1124 aa.
518 1061 545 1123 λ.
1077 1053 1079 1057 ⁸

256 1205 257 1208 =
300 1166 374 1250 Ipsa
385 1167 481 1250 igitur
493 1168 650 1231 accusatio
662 1167 822 1250 spectabat
836 1168 876 1230 ad
888 1169 1113 1248 mysteriorum
1128 1169 1385 1251 profanationem,

211 1275 262 1337 cui
295 1279 399 1336 orator
429 1274 586 1337 obnoxius
621 1274 716 1337 fuerit
748 1276 910 1357 ingressus
940 1274 1141 1338 Eleusinium
1169 1279 1216 1354 (ut
1243 1277 1385 1360 perlucet

210 1401 251 1444 ex
274 1384 306 1460 §⁰
334 1381 392 1444 29f
419 1381 473 1443 ubi
496 1380 606 1444 litibus
634 1381 791 1463 prioribus
819 1382 1016 1465 perlustratis
1047 1383 1198 1445 asseritur
1224 1381 1300 1470 περὶ
1322 1383 1385 1448 τῶν

209 1484 388 1576 μυστηρίων
410 1473 454 1552 ὧν
476 1485 567 1552 ἕνεκα
586 1479 750 1574 ηὲνδειξις
768 1486 898 1573 ἐγένετο)
919 1493 949 1551 et
973 1489 1032 1551 hec
1051 1490 1218 1572 praecipue
1241 1510 1384 1572 premen-

211 1596 286 1659 dum
306 1599 384 1674 erat3
413 1597 543 1678 insuper
566 1601 670 1657 autem
695 1596 890 1658 adversarios
914 1614 979 1657 non
997 1596 1122 1659 siluisse
1145 1596 1184 1659 de
1207 1597 1252 1659 rei
1275 1598 1383 1680 impie-

171 1703 173 1707 ’
209 1707 271 1765 tate
304 1706 425 1764 certum
460 1708 507 1764 est
540 1707 724 1765 revocantes
758 1702 798 1765 ad
830 1703 918 1785 prius
951 1702 1038 1766 illius
1067 1702 1280 1784 malefactum,
1315 1703 1383 1766 dico

210 1807 358 1871 Mercurii
394 1809 563 1871 simulacra
597 1808 770 1887 decurtata,
815 1811 966 1891 quoniam
1007 1809 1183 1884 secundum
1218 1811 1273 1890 ξω
1308 1811 1384 1872 iim

99 1974 101 1978 Α
208 1915 379 1978 Isotimidis
403 1915 563 1979 decretum
586 1917 620 1978 in
644 1935 697 1978 eos
721 1914 852 1995 valebat,
877 1918 932 1998 qui
956 1915 1113 1999 flagitium
1132 1915 1266 1980 confessi
1287 1927 1383 1981 erant.

208 2023 256 2084 Ac
279 2041 353 2084 reus
377 2042 570 2104 quamquam
595 2022 768 2105 quidquam
790 2041 858 2085 sese
878 2022 1048 2105 deliquisse
1067 2028 1169 2105 negat,
1192 2027 1297 2085 tamen
1317 2025 1384 2107 ipse

206 2131 239 2191 in
261 2129 400 2206 oratione
419 2129 516 2190 altera
532 2129 687 2192 mendacii
707 2148 740 2192 se
759 2130 952 2208 convincit§
971 2129 988 2190 7
1009 2133 1040 2192 et
1059 2129 1077 2210 ξ
1099 2131 1150 2210 23,
1169 2128 1224 2192 ubi
1241 2128 1383 2212 Menippi

207 2237 419 2320 psephismate
443 2235 503 2298 sibi
526 2237 745 2319 impunitatem
770 2255 839 2300 esse
863 2255 1044 2300 concessam
1072 2235 1258 2309 testificatur
1286 2256 1382 2319 quam

207 2348 351 2427 appetere
383 2362 447 2405 non
476 2361 602 2405 necesse
626 2349 693 2406 erat
716 2344 777 2405 nisi
807 2345 873 2426 ipse
904 2343 1014 2405 sceleri
1041 2343 1243 2406 interfuisset.
1291 2342 1382 2418 cuod

207 2451 291 2512 haud
316 2448 410 2512 dubie
433 2451 516 2512 inter
539 2450 624 2513 cives
647 2449 817 2513 constabat.
866 2448 1019 2524 Quocirca
1042 2452 1182 2513 maxime
1205 2456 1252 2513 est
1270 2450 1381 2533 proba-

165 2624 166 2629 *
206 2555 278 2636 bile,
307 2562 503 2619 accusatores
527 2557 586 2619 hoc
610 2555 807 2639 (Isotimidis)
832 2557 956 2620 decreto
980 2556 1186 2619 fundamento
1215 2576 1380 2639 argumen-

206 2669 310 2726 torum
342 2683 415 2726 usos
451 2682 531 2745 esse,
567 2669 662 2746 atque
695 2665 763 2726 eius
792 2665 858 2725 vim
886 2683 950 2725 non
978 2664 1099 2726 irritam
1130 2681 1198 2726 esse
1225 2664 1381 2726 redditam

206 2771 358 2833 amnestia
388 2769 442 2832 illa
465 2790 548 2832 anno
572 2771 636 2833 403
662 2772 744 2832 inter
774 2790 883 2834 onmes
912 2771 1145 2834 communicata
1172 2789 1226 2834 eos
1253 2776 1381 2834 conten-

205 2877 289 2940 disse
312 2877 465 2960 suspicari
488 2877 569 2958 licet,
598 2877 754 2959 siqnidem
779 2882 842 2940 tam
866 2878 954 2960 large
977 2878 1157 2941 Andocides
1181 2878 1319 2960 disputet
1343 2879 1381 2939 de

205 2985 236 3046 vi
276 2984 382 3066 legum
424 2984 685 3066 decretorumque
729 3003 811 3066 quae
852 2990 922 3066 post
964 2983 1155 3045 oblivionem
1196 2984 1259 3044 lata
1292 2990 1380 3046 erant

205 3091 253 3173 (ἓξ
280 3091 428 3170 72-99).

293 3197 468 3261 franckeni
492 3199 534 3281 (p.
558 3199 614 3277 48)
639 3199 825 3260 sententiam
855 3216 896 3259 ex
925 3198 965 3258 iis
989 3215 1070 3279 quae
1093 3196 1186 3259 modo
1211 3195 1379 3280 explanavi

203 3305 338 3368 futtilem
376 3324 444 3368 esse
480 3307 536 3366 vix
575 3306 741 3387 quisquam
785 3302 901 3366 infitias
943 3302 1008 3364 ibit.
1062 3301 1119 3365 Ille
1161 3305 1245 3366 enim
1285 3303 1377 3365 aliam

204 3413 372 3474 endeixeos
396 3432 525 3474 cansam
548 3412 608 3476 sibi
638 3410 789 3473 enodasse
813 3409 988 3488 videbatur,
1011 3410 1057 3472 sic
1080 3409 1224 3473 iudicans
1247 3411 1286 3493 (p.
1311 3412 1378 3488 44):

203 3518 402 3598 „Secundum
422 3519 619 3582 Andocidem
638 3516 802 3600 Cephisius
821 3518 854 3579 in
874 3535 946 3580 eum
970 3512 1100 3596 ἔνδειξιν
1123 3509 1271 3600 ἀσεβείας
1289 3518 1378 3580 dctu-

203 3625 248 3705 lit,
277 3625 360 3706 quod
386 3625 603 3689 denuntiasset
625 3631 745 3706 patrem
774 3631 901 3707 propter
928 3626 1078 3704 mysteria
1106 3625 1234 3705 violata;
1270 3630 1378 3687 contra

203 3733 261 3792 hoc
293 3731 411 3793 crimen
446 3739 550 3796 orator
578 3751 612 3795 se
640 3731 778 3795 defendit
805 3728 844 3810 §1⁸
875 3731 1033 3795 19-33.“
1090 3731 1211 3793 Genere
1245 3732 1313 3812 ipso
1341 3749 1377 3790 ac

202 3841 315 3899 natura
338 3831 495 3914 ἐνδείξεως
518 3839 576 3899 hoc
599 3838 761 3900 refellitur.

290 3941 435 4005 Profecto
476 3944 699 4023 gravissimum
739 3943 948 4005 accusationis
986 3939 1158 4004 Isotimidis
1197 3941 1375 4023 psephisma

200 4049 298 4111 fuisse
322 4066 363 4110 ex
387 4048 420 4129 §⁰
451 4048 507 4110 71⁸
533 4048 734 4131 perspicuum
759 4052 813 4110 est.
856 4047 999 4110 Breviter
1022 4047 1211 4130 complectar
1234 4048 1319 4130 quod
1342 4049 1374 4109 in

201 4156 384 4219 universnm
409 4159 630 4237 argumentum
655 4155 865 4217 accusationis
893 4153 995 4217 fuerit.
1043 4152 1279 4218 contenderunt
1307 4173 1376 4218 sese

200 4261 396 4325 Andocidem
424 4263 458 4324 in
486 4262 639 4325 indicium
672 4264 834 4325 vacavisse
866 4260 951 4344 quod
979 4259 1131 4324 Eleusina
1160 4265 1375 4346 transgressus
