3074 4936
659 336 877 398 ..21-

182 535 245 598 quo
270 520 409 599 ternpore
432 514 613 578 Andocides
636 515 727 578 illum
751 516 911 579 homiuem
935 516 1090 599 detulerit,
1121 519 1212 582 cuius
1239 535 1355 582 nomen

182 623 286 706 ipsum
319 623 404 686 haud
435 624 587 706 ignorat),
621 623 665 685 ita
698 622 753 685 illa
781 625 928 687 aetatei.
957 642 982 687 e.
1010 624 1105 707 paulo
1132 630 1203 709 post
1230 644 1356 690 eversos

181 729 285 792 XXX
304 735 455 811 tyrannos
471 730 588 792 civium
611 730 732 792 animos
750 731 977 794 intentissimos
990 730 1093 795 tuisse
1112 732 1151 794 ad
1170 732 1355 815 religionem

182 837 332 900 tuendam
356 836 410 900 lite
434 837 602 900 edocemur
620 836 772 901 adversus
795 837 957 901 Socratem
972 839 1128 902 instituta.
1162 837 1253 914 Quod
1272 845 1356 904 recte

182 946 245 1007 iam
269 943 435 1007 Kirchhoff
455 945 484 1026 (l.
509 945 528 1008 l.
551 964 580 1028 p.
607 944 647 1006 12
671 943 706 1024 tt]
729 945 951 1008 animadvertit
978 947 1030 1010 cui
1054 944 1129 1008 Zutt
1150 966 1280 1029 prorsus
1303 947 1356 1010 ad-

182 1051 350 1134 stipulatus
373 1057 421 1115 est
443 1052 482 1135 (p,
508 1052 570 1132 30).

270 1157 383 1242 Itaque
406 1178 602 1242 quamquam
626 1158 682 1220 vix
705 1158 954 1222 existimandum
977 1163 1032 1240 est,
1061 1178 1158 1240 grave
1182 1161 1356 1244 quidquam

183 1266 378 1348 Archippum
407 1265 578 1347 deliquisse
605 1264 744 1347 (propter
774 1256 913 1329 verberi
938 1263 974 1329 δὲ
994 1258 1179 1349 ’Ἄρχιππος
1205 1259 1355 1353 ἠντεδίκει

182 1359 201 1457 ἧ
226 1366 288 1454 priv
316 1367 376 1435 τὸν
401 1363 522 1457 Ἑρμῆν
548 1365 620 1456 lyron
648 1395 682 1436 vc
709 1370 765 1435 acl
794 1365 869 1436 ὅλον
901 1364 983 1436 εἶναι
1016 1371 1072 1436 καὶ
1103 1370 1201 1460 μηδὲν
1232 1378 1357 1438 παθεῖν

182 1470 289 1565 ὥσπερ
312 1473 341 1542 oi
366 1471 458 1542 ἄλλοι
481 1470 604 1564 Ἑρμαῖ)
629 1497 665 1541 ac
688 1479 819 1542 tortasse
842 1498 905 1542 uon
931 1481 1132 1563 cogitandum
1157 1485 1205 1543 est
1232 1482 1295 1544 nisi
1319 1482 1357 1544 de
1443 1493 1445 1498 ’

181 1583 347 1648 malefacto
371 1585 410 1647 ab
434 1585 647 1668 Aristophane
670 1587 729 1650 Av.
754 1607 783 1649 v.
808 1586 893 1649 1054
917 1587 1044 1667 illuso,¹)
1068 1592 1174 1650 tamen
1197 1587 1287 1650 facile
1311 1592 1358 1650 est

181 1691 344 1757 intellectu
366 1693 547 1756 incusatum
575 1694 803 1774 respicientem,
832 1694 934 1775 qualis
962 1699 1039 1756 tunc
1069 1699 1151 1757 esset
1178 1695 1357 1757 animorum

182 1797 318 1880 habitus,
329 1800 464 1882 pecunia
477 1800 549 1861 data
561 1798 732 1862 delatorem
748 1799 898 1863 inducere
916 1801 1088 1882 studuisse,
1102 1805 1139 1864 ut
1157 1802 1357 1864 accusatione

183 1904 355 1968 desisteret.

270 2010 333 2075 Hic
360 2012 541 2094 adiecerim,
577 2013 633 2089 sic
650 2013 754 2097 ipsum
784 2015 976 2077 contranum
1005 2015 1107 2078 evinci
1136 2033 1245 2078 eorum
1276 2034 1357 2098 quae

180 2117 298 2182 Sluiter
322 2117 460 2182 effecisse
484 2119 543 2182 sibi
567 2119 741 2201 videbatur,
770 2125 938 2204 praecipue
966 2124 1112 2204 premens
1141 2121 1222 2185 illud
1242 2116 1357 2208 Ἑρμῆν

180 2223 340 2312 πατρῷον.
379 2224 478 2289 Cuius
496 2228 543 2289 rei
562 2231 757 2310 argumenta,
781 2247 862 2310 quae
886 2233 1094 2310 usurpaverat
1113 2229 1152 2290 ad
1168 2231 1355 2292 sententiam

181 2330 427 2395 confirmandam
456 2334 640 2416 propulsare
668 2335 881 2397 necessarium
909 2353 974 2396 non
1003 2334 1101 2416 duco,
1130 2336 1245 2419 quippe
1277 2355 1358 2419 quae

180 2438 242 2500 iam
267 2459 285 2500 a
308 2437 503 2502 Kirchhoffio
526 2438 660 2503 refutata
683 2441 755 2503 siut.
781 2477 821 2486 -

269 2545 435 2610 Praeterea
458 2567 532 2610 eum
554 2545 658 2610 Zuttio
683 2547 870 2611 crediderim
894 2547 990 2632 Cypri
1014 2568 1141 2632 quoque
1164 2550 1357 2612 mentionem

180 2652 270 2715 nobis
283 2673 324 2716 ex
338 2672 372 2716 re
384 2673 452 2717 esse
464 2655 504 2717 ad
523 2658 648 2739 tempus
668 2654 883 2718 definiendum
903 2657 1052 2719 orationis
1068 2656 1237 2722 confectae.
1272 2655 1356 2720 Nam

180 2758 359 2842 Euagoram
372 2762 440 2823 eius
454 2762 579 2824 insulae
593 2780 700 2844 regem
716 2781 789 2824 cum
801 2763 1051 2827 Atheniensibus
1063 2765 1145 2827 circa
1161 2784 1279 2827 annum
1291 2764 1355 2827 400

179 2867 213 2927 in
233 2867 388 2930 amicitiae
411 2866 639 2931 consuetudine
663 2867 769 2949 tuisse,
792 2869 933 2951 plurium
956 2871 1147 2953 scriptorum
1169 2872 1356 2935 auctoritate

179 2972 364 3056 probatur.²)
401 2974 513 3058 Neque
537 2975 647 3057 opinor
671 2981 789 3038 temere
812 2982 880 3038 tum
903 2977 1027 3041 facinus
1050 2978 1130 3040 illud
1154 2983 1357 3059 memoratur,

180 3099 243 3162 quo
267 3082 385 3144 civium
410 3084 548 3145 amicum
572 3080 744 3145 offenderit.
834 3138 836 3142 .

221 3168 223 3173 ⁵
269 3186 413 3272 Utroque
451 3190 521 3253 loco
551 3190 629 3251 mihi
663 3189 826 3273 perlucere
863 3191 988 3254 videtur
1021 3189 1090 3254 eius
1126 3193 1261 3255 hominis
1299 3194 1356 3276 qni

179 3294 369 3358 invectivam
399 3297 589 3379 composuit,
624 3298 735 3360 notitia
763 3302 908 3360 accurata
935 3298 1021 3361 illius
1050 3299 1258 3379 condicionis,
1294 3319 1357 3381 qua

180 3402 357 3483 respublica
380 3404 624 3467 Atheniensium
650 3423 707 3467 usa
730 3409 777 3467 est
795 3404 863 3467 illis
886 3404 1088 3487 temporibus.

268 3506 431 3571 Postremo
460 3512 673 3573 revocaverim
702 3511 740 3572 ad
770 3511 983 3574 narrationem·
1010 3510 1111 3602 illam,
1146 3530 1227 3594 quae
1254 3516 1357 3574 exstat

177 3612 253 3675 inde
276 3633 294 3675 a
318 3614 336 3694 ξ
362 3613 413 3676 21.
460 3612 522 3677 Hic
551 3634 627 3678 sane
654 3617 745 3692 inest,
776 3617 861 3698 quod
892 3619 1103 3700 suspicionem
1131 3618 1223 3682 nobis
1250 3626 1357 3682 movet

179 3724 210 3782 et
238 3719 365 3783 difficile
398 3721 518 3804 aliquid
546 3722 605 3784 hoc
636 3721 704 3783 loco
736 3724 890 3785 contineri
918 3722 1145 3786 confitebimur.
1197 3724 1356 3787 Audimus

177 3828 263 3889 enim
295 3827 493 3891 Andocidem
528 3827 566 3890 de
595 3825 723 3890 Hermis
756 3830 882 3891 violatis
916 3835 1099 3893 accusatum
1127 3830 1215 3893 litem
1242 3830 1356 3892 vinclis

177 3936 367 4018 aestimasse,
386 3956 460 3999 cum
472 3941 577 4020 posset
589 3936 724 4019 pecunia
743 3936 907 4000 aestimare
922 3956 1060 4020 eumque
1075 3937 1216 4000 noluisse
1229 3955 1356 3999 servum

179 4111 390 4123 κ-

271 4198 290 4259 1)
306 4194 425 4321 ἴέμνηό
448 4197 490 4252 ὅτε
509 4204 554 4266 τῆς
574 4193 668 4266 στήλης
687 4204 823 4260 κατετίλας
841 4202 963 4274 ἑσπέρας.

321 4285 333 4321 S

268 4268 287 4334 ²)
335 4285 388 4322 cor.
408 4270 488 4339 Euag.
507 4272 542 4326 20
561 4274 580 4324 t.
599 4272 670 4325 Xen.
691 4273 760 4325 Heli.
780 4272 819 4325 lV
838 4274 862 4340 8,
874 4273 910 4326 24
928 4275 990 4342 Lys
1010 4274 1080 4330 XIX
1099 4274 1142 4328 Ab.
