3074 4936
658 359 878 421 ..3ss-

179 545 322 603 nostrum
360 538 511 602 Meletum
547 558 611 601 una
646 557 718 601 cum
754 536 824 599 aliis
859 556 877 598 a
913 535 1012 599 Callia
1046 535 1085 598 ad
1124 535 1355 598 accusationem

179 647 342 709 incitatum
383 664 451 708 esse
483 645 608 707 scimus
660 642 826 706 Praeterea
860 640 1028 705 scholiasta
1060 642 1099 704 ad
1134 641 1356 724 Aristophanis

179 751 257 818 Rau.
283 772 311 814 v.
340 753 423 814 1302
449 750 601 814 Meletum
630 751 766 814 eundem
796 754 959 832 nuncupat
988 749 1148 812 hominem
1172 742 1298 833 ψυχρὰν
1323 743 1356 813 ἐν

179 859 217 946 οῗ,
239 853 368 946 ποιήσει
390 856 446 922 καὶ
469 850 512 936 ὡς
534 852 675 945 πονηρὰν
693 852 753 922 οόν
770 849 894 944 τρόπον
909 860 1004 939 atque
1024 856 1196 919 orationem
1215 858 1355 918 nostram

180 966 366 1049 languorem
398 965 562 1047 frigusque
593 983 668 1048 prae
698 984 732 1027 se
764 963 845 1027 ferre
878 963 1087 1026 concedemus
1119 963 1194 1025 item
1228 981 1265 1024 ao
1300 963 1356 1023 vix
1456 993 1461 1000 ·

181 1071 312 1135 dubium
333 1073 392 1135 erit
416 1073 493 1155 quin
512 1068 650 1134 Meletus
674 1088 737 1133 nou
757 1072 789 1132 in
792 1074 840 1133 ter
858 1070 992 1152 optimos
1011 1069 1154 1132 homines
1173 1069 1353 1132 honestissi-

181 1197 313 1302 mosqpe
336 1183 528 1259 numeretur,
556 1179 600 1240 ita
623 1181 659 1240 ut
682 1182 765 1240 recte
788 1176 919 1239 forsitan
943 1180 1003 1240 stet
1031 1166 1169 1238 illud“
1146 1199 1189 1253 ως
1211 1169 1354 1239 Καλλίου

181 1281 388 1372 περαίνοντος
411 1276 519 1348 αὐτόν
545 1284 577 1366 (l.
596 1283 636 1364 l).

270 1390 567 1454 Verumtament
520 1410 553 1451 rn
555 1390 654 1472 telligi
678 1391 789 1473 nequit
812 1410 869 1452 cur
884 1390 1065 1453 Andocides
1088 1389 1194 1452 sileret
1217 1388 1255 1452 de
1273 1389 1354 1451 facto

182 1497 319 1581 quodam
343 1495 407 1560 Me
408 1498 464 1578 etr,
497 1497 580 1579 quod
605 1495 752 1580 Epichari
781 1496 809 1576 (l
840 1496 916 1578 100)
944 1495 1127 1580 exprobrat,
1160 1496 1223 1559 nisi
1251 1498 1357 1558 noster

72 1672 74 1677 ,
183 1602 317 1667 Meletus
355 1602 395 1666 ab
433 1603 488 1665 illo
522 1603 753 1687 Aristophaneo
795 1603 939 1667 diversus
978 1609 1067 1666 esset.
1127 1601 1197 1678 Quo
1238 1602 1357 1665 accedia

183 1710 267 1793 quod
291 1729 448 1793 nusquam
466 1729 507 1772 ne
526 1709 658 1772 verbum
680 1711 807 1793 quidem
827 1710 971 1793 legamus
995 1710 1145 1773 Meletum
1168 1728 1210 1773 ex
1225 1708 1357 1772 Eumol-

181 1817 263 1900 pidis
291 1836 367 1881 esse.
417 1815 530 1900 Itaque
558 1837 615 1880 cur
643 1836 715 1880 eum
743 1837 800 1901 pro
828 1819 1004 1881 invectivae
1031 1821 1158 1880 auctore
1186 1815 1357 1879 habeamus

182 1923 227 1985 nil
251 1927 298 1986 est
320 1943 389 1987 mea
414 1923 542 2006 quidem
567 1924 724 2007 opinione.

271 2028 374 2092 Etiam
404 2030 442 2093 de
471 2029 626 2112 Epichare
649 2031 728 2092 nihil
752 2032 829 2094 certi
853 2032 978 2095 scimus
1026 2029 1118 2105 Quod
1143 2029 1216 2094 Zutt
1239 2031 1276 2114 (p
1302 2029 1355 2113 26)

181 2137 360 2218 suspicatur
383 2155 456 2200 eum
480 2156 543 2200 non
568 2138 728 2200 diversum
754 2155 823 2201 esse
846 2137 885 2200 ab
909 2137 964 2200 illo
989 2139 1043 2220 qui
1068 2136 1139 2199 cla
1163 2136 1244 2198 I.ln
1266 2136 1356 2215 6521)

182 2243 315 2325 appellat
318 2263 356 2306 ur
386 2238 506 2327 ταμίας
534 2268 597 2307 των
627 2239 716 2331 ἱερῶν
743 2237 912 2333 χρημάτων
944 2265 1007 2307 non
1035 2244 1129 2308 modo
1160 2263 1224 2307 non
1255 2248 1356 2327 potest

182 2352 374 2432 argumentis
407 2350 554 2432 stabiliri,
586 2352 641 2415 sed
676 2371 716 2415 ne
749 2353 913 2415 minimam
947 2352 1075 2435 quidem
1104 2350 1356 2434 probabilitatem

182 2455 282 2520 habet.
328 2457 415 2520 Num
448 2459 694 2522 existimandum
727 2463 774 2522 est
805 2477 878 2521 eum
909 2460 964 2542 qui
991 2458 1051 2522 sub
1080 2456 1184 2520 XXX
1212 2457 1356 2539 tyrannis

182 2566 305 2627 senatui
334 2565 513 2628 interfuerit
542 2602 581 2610 —
611 2585 715 2649 neque
738 2563 938 2629 Andocidem
961 2565 977 2627 Ι
1003 2565 1043 2626 93
1068 2565 1147 2629 falsa
1174 2566 1232 2628 hac
1260 2563 1299 2627 de
1320 2582 1355 2625 re

87 2719 88 2722 ,
181 2671 306 2735 tradere
321 2672 432 2754 opinor
448 2709 488 2719 -
508 2673 626 2755 quique
644 2673 729 2735 haud
751 2672 847 2736 dubie
865 2675 911 2735 rei
929 2671 1035 2736 verbis
1054 2672 1213 2736 iudicibus
1229 2672 1356 2735 odiosus

183 2781 249 2840 erat
271 2777 422 2860 redditus,
444 2784 612 2862 postquam
636 2798 731 2842 causa
754 2780 806 2842 cui
829 2780 1049 2861 intervenerat,
1072 2778 1239 2843 infeliciter
1254 2780 1357 2860 cessit,

182 2887 269 2946 tanto
293 2903 424 2948 munere
447 2885 631 2948 functurum
654 2904 731 2968 esse,
755 2890 873 2969 quanto
892 2904 985 2949 nemo
1005 2887 1066 2949 nisi
1082 2884 1356 2970 splendidissimus

184 2989 320 3071 quisque
357 2995 388 3053 et
426 2992 683 3099 opulentissimus
722 2991 853 3056 ornabat
840 2998 900 3056 t.ur
958 2993 1040 3056 Nam
1077 2992 1238 3077 probabile
1277 2993 1355 3054 mihi

185 3095 311 3177 quidem
341 3098 426 3161 videt
414 3102 466 3161 tur
494 3100 526 3160 in
526 3061 726 3163 docimasia
750 3119 830 3181 quae
854 3104 945 3163 vocat
946 3119 984 3162 ur
1008 3118 1079 3163 eum
1104 3101 1254 3164 reiectum
1278 3117 1354 3162 esse

183 3199 295 3285 Neque
323 3205 350 3266 si
378 3211 462 3269 recte
491 3224 558 3269 sese
587 3205 751 3288 haberent,
779 3226 860 3289 quae
889 3206 963 3270 Zutt
936 3207 1167 3289 ttsuspicatus
1194 3211 1255 3289 est,
1281 3207 1356 3270 inde

183 3310 371 3374 concludere
390 3317 556 3395 oporteret,
575 3311 761 3396 Epicharem
780 3313 878 3377 fuisse
893 3312 1124 3396 Eumolpidam.
1160 3311 1362 3400 Quapropter¹

182 3419 334 3500 consequi
357 3420 434 3481 mihi
458 3419 592 3500 videtur,
615 3420 704 3483 nullo
727 3422 820 3483 modo
844 3421 882 3484 de
907 3422 1046 3485 oratione
1065 3420 1286 3505 subscriptoris
1304 3439 1355 3483 co·

181 3524 280 3605 gitare
303 3524 406 3607 licere,
429 3526 587 3609 siquidem
606 3525 839 3608 Ps-Lysiacam
863 3529 991 3591 omnino
1015 3547 1077 3590 non
1098 3529 1130 3590 in
1150 3528 1268 3591 iudicio
1287 3547 1354 3591 ora-

183 3635 247 3691 tam
273 3649 342 3695 esse
364 3632 510 3695 vidimus.

274 3804 293 3874 ¹)
313 3822 366 3859 non
385 3806 440 3873 Ol,
453 3808 477 3860 A
489 3807 531 3861 111
544 3809 596 3863 643
616 3826 695 3878 quem
715 3809 820 3862 titulum
840 3810 902 3862 Zutt
919 3809 986 3863 falso
1005 3810 1096 3863 affort.

665 4097 872 4108 *w———uv-
