3074 4936
655 320 873 382 ..21-

179 521 242 584 quo
265 507 405 585 tempore
428 500 609 563 Andocides
632 499 724 562 illurn
747 501 907 563 hominem
931 499 1087 583 detulerit,
1117 502 1208 565 66166
1236 520 1351 565 nomen

178 610 282 692 ipsum
315 609 400 671 haud
431 609 583 691 ignorat),
617 608 661 670 ita
694 606 750 670 illa
777 608 924 671 6616161.
953 625 979 671 6.
1006 607 1101 691 paulo
1129 613 1200 691 post
1227 627 1352 672 eversos

178 715 281 779 XXX
300 721 452 797 tyrannos
468 715 584 778 civium
607 714 727 777 animos
746 715 973 778 intentissimos
987 714 1090 778 161666
1108 715 1147 778 ad
1166 715 1351 798 religionem

179 824 329 887 tuendam
352 822 407 886 1116
430 823 598 886 edocemur
617 820 768 885 adversus
792 821 954 885 Socratem
970 822 1124 885 instituta.
1159 820 1250 898 Quod
1268 828 1352 887 recte

179 932 242 993 iarn
266 929 432 993 Xirchhoff
451 930 481 1012 (l.
505 930 524 994 l.
547 949 576 1013 p.
603 929 643 990 12
667 927 702 1008 ff)
726 929 948 992 animadvertit
975 930 1027 992 oui
1051 928 1126 992 Zutt
1146 948 1276 1013 prorsus
1299 930 1353 992 ad-

179 1037 346 1119 stipulatus
370 1041 417 1101 661
440 1038 478 1121 (p.
504 1037 566 1116 30).

267 1143 379 1226 Itaque
403 1162 598 1226 quamquam
623 1143 678 1205 vix
701 1142 951 1206 existimandum
973 1148 1030 1224 est,
1058 1162 1155 1225 grave
1179 1144 1352 1226 quidquam

179 1252 375 1335 Archippum
403 1251 574 1333 deliquisse
602 1249 740 1332 (propter
771 1248 867 1312 verba
892 1240 909 1314 ὁ
935 1247 970 1313 δὲ
990 1243 1176 1336 ’Ἄρχιππος
1202 1242 1352 1336 torretur

179 1345 198 1444 l,
224 1352 285 1440 μ1ν
313 1353 372 1422 τὸν
398 1348 519 1443 Ἑρμῆν
545 1350 617 1441 ’ὑγιᾶ
645 1380 678 1421 τε
706 1355 761 1420 καὶ
791 1349 866 1421 ὅλον
898 1348 980 1421 εἶναι
1013 1355 1069 1420 καὶ
1100 1341 1198 1444 μηδὲν
1229 1361 1354 1421 παθεῖν

179 1455 286 1551 ὥσπερ
309 1459 338 1528 oi
364 1457 455 1528 ἄλλοι
478 1455 601 1550 Ἑρμαῖ)
626 1483 662 1526 66
685 1464 816 1527 16116666
839 1484 903 1526 non
928 1465 1129 1546 cogitandum
1154 1469 1202 1527 est
1229 1465 1292 1527 nisi
1316 1465 1354 1527 de
1440 1476 1442 1480 ·

179 1569 344 1635 malefacto
368 1571 407 1634 ab
432 1571 644 1653 Aristophane
667 1572 726 1634 Av.
752 1591 780 1634 v.
805 1571 890 1633 1054
914 1571 1041 1652 illuso‚¹)
1065 1576 1171 1634 tamen
1194 1570 1284 1634 166116
1308 1575 1355 1634 661

178 1677 341 1742 1616116616
363 1679 544 1741 incusatum
572 1679 801 1760 respicientem,
829 1678 932 1760 qualis
960 1682 1036 1741 tuno
1066 1682 1148 1742 66661
1175 1679 1354 1741 animorum

179 1783 315 1868 habitae,
327 1786 462 1868 pecunia
474 1786 546 1848 data
558 1784 729 1848 delatorem
745 1784 895 1848 inducere
913 1785 1084 1866 studuisse,
1100 1789 1136 1847 61
1154 1785 1353 1848 accusatione
1427 1842 1428 1845 ,

180 1891 352 1955 desisteret.

267 1998 330 2061 Hic
358 1998 539 2079 adiecerim,
574 1999 630 2075 sio,
647 1999 753 2083 ipsum
781 1999 974 2062 contrarium
1002 1999 1106 2062 evinci
1134 2018 1242 2062 eorum
1273 2017 1354 2082 quae

178 2104 296 2169 Sluiter
319 2104 458 2169 effecisse
482 2105 542 2168 sibi
565 2105 739 2186 videbatur,
768 2110 936 2189 praecipuo
964 2109 1110 2189 premens
1139 2105 1219 2169 illud
1240 2100 1355 2192 Ἑρμῆν

178 2212 338 2299 πατρῷον.
378 2211 476 2275 06166
494 2214 540 2275 161
560 2218 755 2296 argumenta,
779 2232 860 2295 quae
884 2218 1092 2295 usurpaverat
1111 2213 1150 2275 ad
1166 2215 1353 2276 sententiam

179 2317 425 2382 confirmandam
455 2319 638 2402 propulsare
666 2321 879 2383 necessarium
907 2339 972 2383 non
1001 2321 1098 2400 duco,
1127 2321 1243 2403 quippe
1274 2339 1356 2402 quae

179 2425 241 2486 iam
266 2445 284 2486 a
307 2424 501 2488 Xirohhoffio
524 2424 658 2489 refutata
681 2427 753 2489 sint.
779 2463 819 2472 -

267 2531 433 2596 Praeterea
457 2554 530 2596 cum
552 2532 657 2597 Zuttio
681 2534 868 2597 crediderim
892 2533 988 2617 Cypri
1012 2552 1139 2617 quoque
1163 2535 1354 2597 mentionem

178 2638 268 2702 nobis
281 2658 322 2702 ox
337 2660 450 2704 166666
463 2641 502 2703 ad
521 2645 646 2725 tempus
666 2640 881 2704 definiendum
901 2642 1050 2705 orationis
1067 2640 1235 2706 confectae.
1270 2640 1354 2704 Nam

179 2745 357 2829 Euagoram
371 2749 439 2810 eius
453 2749 577 2810 insulae
591 2766 698 2830 regem
714 2768 787 2811 cum
800 2748 1049 2812 Atheniensibus
1061 2750 1144 2812 circa
1159 2768 1278 2811 annum
1289 2749 1353 2811 400

178 2853 211 2914 16
231 2854 386 2917 amicitiae
409 2854 638 2918 consuetudine
661 2854 767 2935 fuisse,
791 2856 931 2937 plurium
954 2856 1145 2938 scriptorum
1168 2857 1354 2919 auctoritate

177 2960 363 3043 probaturi)
400 2961 512 3045 Neque
536 2961 646 3044 opinor
669 2967 787 3024 temere
810 2967 878 3025 tum
902 2963 1026 3026 facinus
1048 2963 1128 3025 illud
1153 2968 1356 3043 memoratur,

178 3086 242 3160 quo
266 3069 384 3131 civium
409 3070 547 3132 66116661
571 3067 743 3132 offenderit.
832 3124 834 3128 .

268 3173 412 3258 Utroque
449 3177 519 3239 loco
550 3176 628 3237 mihi
663 3175 824 3258 perlucere
862 3177 987 3239 videtur
1019 3174 1089 3239 eius
1124 3177 1260 3239 hominis
1297 3179 1355 3260 qui

178 3281 368 3345 invectivam
398 3283 588 3366 composuit,
622 3283 734 3346 notitia
761 3289 906 3346 accurata
933 3284 1020 3345 illius
1048 3283 1257 3364 condicionis,
1292 3303 1356 3364 qua

178 3388 356 3470 respublica
378 3388 623 3453 Atheniensium
648 3408 705 3452 usa
728 3390 862 3453 66111116
885 3390 1087 3474 temporibus.

267 3494 430 3558 Postremo
459 3497 672 3559 revocaverim
701 3497 739 3559 ad
768 3497 982 3560 narrationem
1009 3496 1110 3588 illam,
1144 3515 1225 3579 quae
1252 3501 1356 3559 exstat

177 3599 252 3662 inde
275 3620 294 3663 a
317 3602 336 3681 ξ
361 3601 413 3664 21.
458 3601 521 3665 Η16
550 3622 625 3666 sane
654 3604 744 3679 inest,
775 3603 859 3686 quod
890 3605 1102 3686 suspicionem
1130 3602 1221 3666 nobis
1248 3610 1355 3667 movet

178 3709 209 3769 et
237 3706 365 3770 difficile
397 3709 517 3791 aliquid
545 3709 604 3772 hoc
634 3710 703 3773 loco
734 3711 888 3772 contineri
916 3709 1144 3773 confitebimur.
1196 3711 1355 3773 Audimus

176 3815 262 3876 enim
295 3814 493 3879 Andocidem
527 3815 565 3879 de
593 3815 721 3879 Hermia
754 3817 880 3878 violatis
914 3823 1097 3879 accusatum
1126 3817 1214 3879 litem
1241 3816 1355 3878 vinclis

177 3923 366 4005 aestimasse,
385 3942 459 3986 oum
471 3929 576 4007 posset
588 3925 723 4008 pecunia
742 3925 906 3986 aestimare
921 3942 1058 4007 eumque
1074 3923 1215 3987 noluisse
1227 3941 1355 3985 servum

270 4186 289 4247 ¹)
306 4181 424 4308 pquvqo’
447 4184 490 4239 ὅτε
509 4191 553 4253 τῆς
573 4181 667 4253 στήλης
686 4191 822 4248 κατετίλας
840 4189 962 4260 ἑσπέρας.

267 4255 286 4321 ²)
320 4272 387 4310 socr.
407 4258 487 4327 Euag.
506 4261 541 4314 20
559 4261 579 4312 i.
598 4260 669 4312 Xen.
690 4260 759 4312 Heli.
779 4260 818 4313 tv
837 4261 862 4326 8,
873 4260 909 4312 24
927 4261 989 4327 Lys.
1009 4260 1079 4316 XIX
1098 4260 1140 4312 20,
