3074 4936
679 338 897 407 ..12-

290 518 347 590 aet
381 519 409 589 oi
445 518 503 607 μέν
538 514 629 588 ditor
663 521 830 610 μηνυταὶ.
857 573 863 585 .
889 572 896 585 .
931 517 965 586 έν
1001 519 1073 607 γοῦν
1101 515 1294 587 ἐπίστανται
1330 515 1376 605 μὴ

202 629 336 712 ἐνοχλεῖν
369 633 436 708 τοῖς
468 622 668 716 ἠδικημένοις
700 620 864 716 ημοέμενοι
903 621 1139 716 ἀποδημοῦντες
1174 626 1233 712 μέν
1267 619 1375 713 ἀθῷοι

201 733 257 800 καὶ
281 725 425 820 ἐπίτιμοι
448 730 554 816 δόξειν
576 727 667 800 εἶναι.

290 843 349 906 Ille
373 845 428 926 qui
446 843 534 926 loqui
555 842 654 906 fertur
669 842 828 906 iudicibus
846 844 879 905 in
898 844 1082 906 memoriam
1101 846 1237 922 revocat,
1259 841 1377 904 multos

203 948 356 1013 delatores
380 950 435 1032 qui
459 947 597 1012 aXXX
621 951 698 1014 viris
721 951 881 1014 stetissent
904 951 1036 1014 exilium
1059 949 1140 1012 ferre
1162 948 1258 1012 malle
1281 967 1377 1031 quam

203 1057 337 1120 Athenis
360 1062 590 1120 commorantes
613 1057 721 1120 odium
744 1058 862 1120 civium
884 1058 1051 1140 suscipere.
1088 1055 1187 1120 (iuius
1205 1057 1251 1119 rei
1270 1073 1376 1118 exem-

202 1163 291 1246 plum
326 1163 415 1225 affert
444 1162 646 1230 Batrachum.
698 1162 798 1238 Quem
832 1165 991 1227 hominem
1021 1163 1168 1227 delatoris
1196 1163 1376 1246 provinciae

202 1268 385 1333 incubuisse
407 1271 525 1333 scimus
549 1288 590 1333 ex
612 1268 684 1350 Lys.
704 1268 772 1332 XII
791 1271 834 1333 48
841 1289 848 1350 ;
880 1271 1021 1334 eiusdem
1045 1271 1181 1334 auctoris
1204 1270 1376 1333 orationem

203 1377 354 1440 adversus
378 1375 567 1439 Batrachum
588 1377 626 1440 de
644 1395 721 1441 nece
744 1376 882 1440 habitam
906 1377 1113 1460 Harpocratio
1132 1381 1287 1440 memorat
1304 1395 1327 1439 s.
1346 1395 1376 1436 v.

206 1475 390 1570 Φηηοῦσιον.
425 1483 591 1546 Praeterea
607 1471 747 1547 comicus
761 1484 939 1569 Archippus
950 1485 1045 1567 (apud
1058 1483 1173 1546 Athen.
1187 1482 1250 1545 VII
1265 1483 1328 1545 329
1339 1484 1377 1561 c.)

128 1658 129 1663 γ
203 1591 236 1652 in
259 1589 367 1653 fabula
390 1582 499 1671 ἰχθύες
516 1592 667 1675 inscripta
686 1593 767 1674 (post
785 1612 812 1655 a.
830 1592 895 1654 403
916 1591 1017 1671 docta)
1040 1592 1073 1653 in
1097 1591 1166 1653 eius
1185 1589 1374 1652 mentionem

204 1697 324 1760 incidit.
361 1697 568 1760 Accuratiora
592 1698 630 1760 de
653 1699 721 1760 viro
744 1698 798 1760 illo
821 1699 997 1761 invectivae
1020 1698 1139 1760 auctori
1162 1698 1377 1776 innotuerunt,
1412 1760 1415 1766 ,

205 1805 461 1887 quandoquidem
497 1805 584 1867 addit
618 1801 651 1868 έν
685 1802 776 1891 ἑτέρη
811 1799 908 1869 πόλει
941 1798 1029 1890 ᾤκει,
1069 1804 1101 1866 id
1135 1803 1218 1886 quod
1254 1804 1316 1865 iam
1344 1803 1375 1863 in

205 1913 286 1974 vivis
317 1929 390 1973 eum
423 1930 486 1974 non
522 1929 590 1973 esse
622 1911 761 1974 indicare
793 1912 871 1974 mihi
906 1912 1039 1977 videtur.
1086 1909 1174 1986 Quae
1204 1912 1310 1973 omnia
1339 1909 1377 1971 ad

205 2019 237 2080 id
256 2023 410 2101 punctum
438 2020 587 2100 temporis
622 2037 684 2100 quo
717 2019 868 2080 memoria
898 2023 929 2081 et
956 2017 1041 2079 illius
1069 2019 1152 2100 pacti
1180 2037 1253 2080 cum
1281 2015 1376 2078 Eleu-

206 2126 295 2189 siniis
318 2124 392 2188 facti
416 2128 447 2187 et
469 2124 617 2187 Batrachi
641 2143 751 2187 reeens
774 2131 849 2206 erat,
872 2125 891 2186 i.
911 2143 936 2186 e.
960 2125 992 2185 in
1017 2124 1082 2187 litis
1106 2128 1237 2186 aetatem
1262 2122 1378 2204 optime

207 2231 370 2315 quadrant.
1057 2287 1061 2294 .

295 2337 383 2400 Idem
402 2337 606 2401 iudicandum
627 2343 674 2401 est
693 2339 732 2401 de
751 2337 848 2402 altero
869 2338 1013 2420 quodam.
1045 2338 1075 2418 -ξ
1097 2339 1136 2400 17
1157 2341 1282 2401 exstant
1301 2337 1378 2399 haec

206 2444 336 2509 σοσοῖτο
360 2437 388 2508 δ’
413 2429 502 2521 οἶτος
526 2438 690 2531 Διαγόρου
713 2446 768 2510 roi
793 2441 923 2533 Μηλίου
946 2437 1149 2531 ἀσεβέστερος
1172 2443 1342 2532 γεγένηται.

295 2551 365 2615 Ηοο
389 2569 515 2633 quoque
538 2551 607 2614 loco
630 2570 704 2614 reus
727 2552 887 2615 confertur
910 2571 983 2614 cum
1006 2553 1074 2614 viro
1093 2553 1212 2615 nefario
1232 2551 1378 2634 quodam,

207 2678 280 2722 cum
300 2656 437 2741 Diagora
456 2657 558 2721 Mello.
596 2656 698 2733 Quam
722 2660 985 2743 comparationem
1010 2659 1228 2744 „hyperbolice
1251 2659 1329 2721 adeo
1348 2662 1379 2718 et

207 2785 263 2849 per
286 2758 416 2853 α’έξησιν
438 2769 621 2849 usurpatam
645 2784 723 2847 esse,
747 2773 782 2830 ut
798 2767 883 2849 quod
902 2767 1004 2830 simile
1023 2768 1063 2856 sit
1081 2768 1114 2829 in
1134 2765 1247 2848 Lysiae
1266 2766 1379 2829 oratio-

208 2873 302 2936 nibus
325 2893 389 2936 non
413 2872 604 2957 reperiatur“
628 2871 745 2936 Sluiter
768 2879 874 2937 censet
893 2877 932 2957 (p.
954 2873 1036 2953 169).
1074 2874 1155 2937 Nam
1179 2875 1241 2936 tale
1260 2872 1379 2955 aliquid

208 2981 341 3044 rhetoris
364 2999 432 3044 esse
455 2985 486 3044 et
509 2980 727 3043 declamatoris
751 2999 815 3042 non
839 2982 1036 3043 accusatoris.

298 3085 451 3170 Diagoras
474 3087 527 3149 ille
550 3088 583 3149 in
607 3088 828 3170 Aristophanis
851 3086 966 3149 fabulis
982 3085 1031 3149 bis
1049 3091 1227 3169 temptatur,
1246 3086 1377 3148 alterum

208 3197 240 3257 in
265 3196 334 3256 Av:
348 3215 377 3256 v.
403 3194 503 3274 1073,
536 3196 627 3257 cuius
655 3212 766 3257 versus
789 3194 955 3256 scholiasta
983 3194 1086 3275 docet,
1113 3194 1209 3256 istum
1238 3191 1317 3255 libro
1342 3192 1380 3254 de

209 3303 367 3382 mysteriis
405 3301 544 3364 confecto
586 3303 616 3362 in
651 3301 835 3382 religionem
874 3299 1044 3383 deliquisse
1081 3301 1214 3382 ideoque
1247 3300 1380 3362 Athenis

210 3410 360 3492 aufugere
384 3412 525 3471 coactum
551 3427 626 3471 esse.
660 3407 776 3470 Tamen
801 3426 841 3470 ne
859 3411 963 3490 postea
984 3407 1114 3490 quidem
1133 3408 1378 3471 recordationem

210 3515 367 3598 Diagorae
391 3516 570 3595 evanuisse,
598 3515 676 3577 alter
706 3515 847 3577 eiusdem
870 3519 980 3598 poetae
1010 3533 1119 3578 versus
1147 3519 1280 3578 testatur
1303 3513 1380 3577 Ran.

209 3643 237 3682 v.
264 3621 336 3702 320,
365 3639 446 3702 quae
469 3622 630 3684 comoedia
653 3641 679 3683 a.
703 3621 767 3684 405
792 3626 860 3684 acta
884 3628 938 3686 est.
985 3620 1194 3685 Posteriorem
1222 3629 1380 3685 auctorem

210 3727 330 3809 aliquid
363 3728 472 3790 audire
499 3730 639 3812 potuisse
674 3729 712 3792 de
746 3729 883 3792 hominis
916 3731 1057 3811 nequitia
1089 3748 1152 3790 non
1187 3727 1382 3810 negabimus,

211 3853 403 3916 quamquam
427 3833 486 3894 hoc
509 3835 589 3896 nihil
612 3836 895 3899 verisimilitudinis
919 3835 1019 3916 habet,
1043 3841 1075 3897 at
1097 3835 1289 3897 sciscitatum
1309 3851 1382 3896 eum

210 3958 287 4020 esse,
311 3940 468 4022 quomodo
491 3941 586 4022 impie
609 3958 677 4002 sese
699 3943 832 4022 gesserit
854 3960 916 4003 non
941 3941 1032 4004 facile
1051 3946 1098 4003 est
1116 3939 1285 4003 intellectu.
1320 3939 1382 4004 Sed

210 4053 316 4110 noster
340 4046 455 4129 apertis
477 4045 582 4109 verbis
606 4046 693 4109 dicit:

300 4151 416 4231 ἐκεῖνος
441 4150 499 4236 μὲν
526 4147 586 4240 νάρ
613 4147 699 4238 λόγῳ
727 4152 801 4240 περὶ
830 4148 871 4217 aci
900 4146 1057 4241 ἀλλότριοι
1086 4148 1153 4240 ἱερά
1184 4152 1239 4218 καὶ
1274 4150 1384 4241 {opeda

211 4253 326 4348 ἠσέβει,
351 4245 441 4338 οὗτος
464 4257 500 4324 δέ
522 4254 601 4347 ἔργῳ
625 4258 698 4347 περὶ
721 4255 763 4325 τδ
787 4258 820 4324 έν
842 4261 879 4348 τῇ
903 4253 998 4326 αὑτοῦ
1021 4256 1129 4327 πόλει.
