3074 4936
653 322 871 386 ..30-

267 498 388 562 Deinde
411 520 464 564 reo
488 499 696 583 exprobratur
720 501 738 580 ξ
758 500 815 580 49,
840 500 924 582 quod
949 502 1028 563 mari
1044 505 1153 563 vectus
1169 520 1233 563 nou
1250 519 1350 563 ausus

178 608 217 670 sit
240 608 359 690 patriae
382 626 565 670 succurrere
588 607 745 670 frumento
769 612 931 691 apportato

267 715 468 797 ναυκληρῶν
492 704 555 776 οὐκ
579 706 759 798 ἐτόλμησεν
784 711 945 795 ἐπαρθεὶς
972 726 1066 777 σῖτον
1091 708 1235 796 εἰσάγων
1260 703 1349 794 οἰφε-

178 823 273 906 λίγσαι
297 809 359 904 τὴν
383 820 538 903 πατρίδα.

268 933 298 990 et
321 927 415 1010 paulo
438 927 521 991 infra

267 1023 308 1096 ob
332 1031 367 1096 db
390 1033 422 1095 τί
446 1035 502 1096 καὶ
527 1025 659 1117 α’γαθόν
682 1029 826 1117 ποιήσας
850 1020 878 1095 αἰ
897 1026 1077 1117 Ἀνδοκίδη,
1100 1047 1182 1097 ποία
1206 1027 1350 1118 ἁμαρτή-

176 1163 264 1224 ματα
289 1133 593 1224 ανακαλεσάμενος,
617 1153 698 1205 ποῖα
722 1152 862 1223 τροφεῖα
887 1132 1116 1218 (tarraconem,-

268 1247 338 1311 Hoc
361 1248 563 1331 opprobrium
588 1269 745 1332 nusquam
769 1250 954 1332 propulsare
977 1249 1083 1312 studet
1105 1250 1137 1310 in
1163 1249 1349 1312 defensione
1386 1274 1389 1279 ·

180 1375 371 1439 quamquam
388 1356 558 1439 habetque
573 1362 728 1440 provocet.
764 1356 801 1418 In
821 1357 960 1419 oratione
975 1357 1057 1418 enim
1073 1357 1247 1439 alteraipse
1257 1355 1351 1420 bene-

178 1463 250 1526 ficia
269 1463 424 1547 quaedam
443 1483 476 1526 se
495 1466 528 1526 in
548 1464 789 1527 Atheniensium
806 1463 959 1547 populum
978 1464 1148 1526 contulisse
1168 1465 1352 1548 pronuntiat

268 1569 305 1632 Π
331 1573 369 1632 ll
405 1563 588 1634 οὐπώποτε
622 1561 700 1633 οὔτε
733 1575 795 1632 τοῦ
828 1564 982 1652 σώματος
1015 1562 1091 1632 οὔτε
1132 1575 1203 1632 τῶν
1238 1561 1351 1633 ὄντων

180 1676 251 1761 ἐμοὶ
280 1672 461 1762 ἐφεισάμην
486 1668 574 1741 ὅπου
603 1672 669 1740 ἔδει
697 1671 1008 1761 παρακινδυνεύειν.
1050 1667 1122 1739 ἀλλ’
1146 1667 1266 1739 αὐτίκα
1288 1675 1352 1758 μὲν

179 1780 255 1847 τότε
289 1779 464 1869 εἰσήγαγον
494 1782 539 1860 εἰς
572 1775 732 1866 στρατιὰν
761 1776 855 1866 ὑμῶν
885 1770 990 1847 οὖσαν
1020 1783 1056 1846 ἐν
1079 1778 1186 1867 Σάμῳ
1215 1781 1351 1858 κωπέας

181 1943 214 1954 ..
237 1887 439 1976 ,εἰσήγαγον
463 1891 498 1955 δὲ
523 1886 618 1956 σῖτόν
641 1913 677 1955 τε
702 1892 758 1955 καὶ
780 1884 916 1972 χαλκόν.

268 1999 354 2062 Num
374 2005 421 2063 est
439 1998 587 2062 credibile
606 2006 790 2063 accusatum
809 2000 1004 2062 occasionem
1021 1999 1238 2082 neglecturum
1253 1996 1352 2061 fuisse

180 2112 288 2170 contra
312 2107 512 2169 inimicorum
536 2107 744 2169 contumelias
767 2106 848 2168 facta
871 2105 926 2168 illa
949 2107 982 2168 in
1006 2106 1148 2169 iudicum
1167 2105 1351 2169 memoriam

180 2213 362 2293 revocandi,
389 2212 505 2295 quibus
527 2213 711 2297 popularem
735 2232 769 2275 se
792 2213 996 2295 praestiterat,
1021 2214 1047 2275 si
1072 2213 1148 2295 quid
1172 2213 1201 2275 ei
1225 2212 1263 2275 de
1285 2211 1352 2274 fru-

180 2324 286 2383 mento
310 2340 373 2383 non
398 2324 559 2404 apportato
583 2320 739 2384 obiectum
765 2320 867 2382 esset?

268 2426 433 2491 Praeterea
453 2429 662 2511 suspicionem
682 2426 773 2490 nobis
789 2432 895 2490 movet
910 2427 994 2509 quod
1010 2429 1162 2489 rationem
1180 2445 1243 2488 non
1259 2424 1353 2488 habet

180 2554 302 2615 eorum,
331 2554 412 2617 quae
445 2535 483 2598 de
516 2534 687 2598 malefactis
719 2535 752 2596 in
786 2531 974 2616 Cypriorum
1006 2553 1096 2616 reges
1128 2533 1304 2596 commissis
1333 2533 1352 2614 ξ

180 2641 222 2704 26
251 2661 318 2724 sqq.
347 2641 467 2724 prolata
495 2648 577 2707 sunt.
630 2639 749 2716 Quidni
781 2647 929 2723 provocat
957 2641 996 2703 ad
1028 2643 1241 2724 possessiones
1278 2659 1353 2703 suas

180 2749 371 2830 fundosque,
400 2768 480 2831 quae
504 2748 600 2833 Cypri
624 2749 706 2811 dono
736 2748 796 2811 sibi
820 2748 892 2811 data
915 2753 1019 2812 essent
1042 2747 1135 2829 (14),
1159 2747 1275 2830 quibus
1298 2748 1352 2811 de·

180 2860 368 2918 monstraret
391 2861 445 2918 aut
468 2875 501 2919 se
524 2857 557 2918 in
580 2857 713 2938 gratiam
738 2856 856 2919 redisse
880 2875 952 2918 cum
972 2854 1168 2938 principibus
1186 2859 1242 2917 aut
1260 2874 1352 2918 accu-

179 2968 297 3025 satores
316 2961 394 3024 falsa
416 2962 601 3045 prodidisse,
625 2964 774 3045 quoniam
795 2962 811 3024 I
832 2964 894 3024 145
915 2963 1052 3025 amicitia
1071 2967 1101 3024 et
1120 2980 1231 3043 regum
1251 2967 1281 3024 et
1299 2982 1353 3025 ur-

179 3069 268 3131 bium
292 3088 325 3132 se
348 3070 395 3132 uti
419 3069 515 3132 dicit?

269 3176 443 3239 Adnectam
473 3178 534 3240 alia
563 3181 757 3260 argumenta.
810 3176 995 3239 Invenimus
1019 3176 1102 3238 enim
1127 3194 1353 3259 saepenumero

179 3284 211 3344 in
232 3283 414 3346 defensione
432 3285 627 3347 Andocidem
649 3284 805 3347 contraria
823 3284 1012 3347 contendere
1031 3303 1140 3346 eorum
1161 3301 1241 3364 quae
1263 3301 1354 3346 accu-

179 3392 301 3454 satione
324 3392 535 3474 continentur,
558 3393 616 3454 etsi
641 3391 679 3453 ad
704 3391 850 3453 delatoris
874 3390 970 3453 verba
993 3391 1051 3453 hac
1074 3392 1106 3451 in
1127 3409 1160 3452 re
1184 3410 1256 3453 non
1281 3408 1354 3454 res·

178 3499 273 3581 picit
296 3518 400 3582 neque
423 3500 590 3583 respondet
612 3499 699 3561 illius
724 3497 907 3581 opprobriis.
1025 3486 1029 3493 ’

269 3607 288 3685 ξ
308 3607 348 3667 21
375 3603 402 3667 εἰ
425 3596 468 3690 pa}
487 3605 656 3691 παραδοίη
675 3594 736 3668 τὸν
755 3594 965 3667 ἀκόλουθον
991 3592 1028 3666 εὖ
1048 3595 1078 3666 d'
1099 3597 1170 3685 γ’γ’ὀει
1196 3595 1236 3666 οἰ
1257 3604 1355 3688 δονη-

181 3706 321 3793 σόγιενος
340 3712 551 3795 παραδοῦναι
576 3702 611 3787 ὃς
632 3703 685 3775 διὰ
705 3719 829 3776 τοῦτον
848 3712 904 3775 καὶ
924 3702 965 3774 τὰ
983 3707 1109 3775 τούτου
1133 3701 1355 3798 ἁμαρτήματα

180 3811 364 3882 ἀπέθανεν.

268 3926 376 3990 Totam
402 3929 482 3991 hanc
506 3929 719 3992 narrationem
745 3949 840 4010 quam
864 3928 1002 3989 maxime
1026 3926 1183 3989 turbatam
1206 3946 1274 3990 esse
1293 3927 1356 3989 iam

180 4053 277 4118 supra
300 4037 489 4098 notavimus.
523 4034 639 4097 Tamen
664 4054 791 4097 servum
817 4034 955 4096 occisum
979 4051 1047 4095 esse
1071 4053 1111 4095 ne
1137 4033 1175 4095 de
1196 4033 1356 4114 mysteriis

180 4142 305 4204 violatis
316 4142 699 4224 (lll)denuntiarethinc
709 4141 915 4222 intelligimus
926 4141 1064 4223 itemque
1075 4141 1271 4204 Andocidem
1283 4158 1356 4202 auc-

181 4256 280 4312 torem
293 4249 389 4313 fuisse
400 4251 517 4314 mortis.
543 4251 662 4312 Ateius
673 4249 771 4331 ipsius
786 4247 1135 4331 verbabuicopprobrio
1149 4248 1357 4311 adversantur
