3074 4936
653 366 870 427 ‚45-

178 543 457 626 semper'civibus
471 544 608 607 accusati
634 541 751 624 flagitia
771 560 832 604 non
851 560 918 604 esse
938 543 1045 625 ignota
1063 539 1199 603 affirmat
1215 541 1348 603 iudices-

179 669 241 731 que
265 668 304 712 ne
328 669 400 712 eum
424 648 571 713 manibus
595 649 754 712 dimittant
776 646 995 729 cohortaturll

269 771 371 848 Quam
390 775 529 838 maxime
547 779 651 838 autem
672 773 809 836 notabile
828 777 883 855 est,
902 773 986 856 quod
1004 792 1104 835 unum
1124 772 1215 856 quasi
1233 772 1349 856 princi-

179 884 285 963 patum
310 885 395 944 tenet
419 882 648 965 disputationis,
671 881 782 963 religio
806 899 842 943 ac
865 881 924 944 dei.
971 879 1032 943 Per
1055 883 1152 942 totam
1176 880 1348 943 orationem

179 987 319 1070 dispersa
341 993 417 1051 sunt
439 988 524 1050 haud
547 1008 657 1072 pauca,
681 1006 762 1070 quae
778 988 879 1070 magis
898 1007 917 1050 a
935 987 1094 1050 sacerdote
1114 986 1250 1069 quodam
1266 984 1350 1047 dicta

179 1113 247 1157 esse
270 1095 418 1159 videntur
441 1114 537 1178 quam
561 1116 579 1158 a
603 1095 740 1158 delatore
763 1103 794 1157 ct
817 1094 1019 1177 sycophanta.
1064 1091 1135 1156 Non
1165 1092 1259 1155 modo
1282 1092 1349 1174 ipsa

178 1201 223 1262 rei
254 1202 398 1284 impietas
431 1201 598 1285 urgetur,²)
631 1202 686 1265 sed
719 1201 757 1264 de
791 1219 943 1284 superum
975 1199 1116 1271 vindicta
1144 1200 1176 1262 in
1205 1198 1349 1261 homines

179 1306 314 1370 nefarios
336 1308 478 1371 immissa
501 1310 627 1392 saepius
649 1328 752 1372 sermo
776 1307 840 1391 fita)
864 1312 894 1371 et
917 1308 1038 1371 iudices
1061 1325 1134 1369 cum
1157 1307 1190 1368 in
1215 1305 1349 1368 aliorum

180 1411 370 1477 Graecorum
402 1416 553 1478 invidiam
588 1420 738 1479 venturos
765 1417 859 1496 esse4)
887 1421 955 1478 tum
983 1416 1016 1476 in
1046 1413 1175 1475 deorum
1205 1411 1350 1495 pluribus

179 1519 255 1583 locis
280 1521 479 1604 indicatnrl).
535 1521 668 1586 Duobus
706 1523 781 1585 locis
818 1526 978 1604 praeterea
1013 1520 1174 1601 delegatur
1209 1518 1248 1581 ad
1280 1537 1349 1581 earn

179 1646 274 1708 quam
298 1627 455 1711 prioribus
479 1628 672 1712 temporibus
689 1629 727 1692 de
746 1630 851 1711 impiis
871 1629 947 1690 viris
966 1628 1121 1690 rationem
1140 1608 1350 1688 Athenienses

178 1734 306 1796 inierint
330 1734 357 1814 (ξ
383 1735 422 1797 10
448 1740 478 1798 et
502 1736 520 1816 ξ
546 1736 607 1812 54).

270 1858 431 1942 Apparere
454 1860 580 1924 videtur
603 1865 762 1923 auctorem
784 1860 882 1923 fuisse
905 1859 1063 1923 hominem
1087 1860 1119 1920 in
1140 1856 1236 1921 rebus
1254 1857 1350 1919 saeris
1437 1839 1440 1847 ¹

155 1999 157 2002 >
179 1948 374 2048 aliquantum
394 1972 560 2030 versalum.
597 1966 713 2030 Tamen
730 1986 793 2029 non
810 1965 926 2048 licebit,
945 1967 1055 2049 opinor
1071 1966 1144 2030 inde
1162 1963 1350 2028 concludere

179 2090 252 2134 eum
272 2074 470 2136 sacerdotum
485 2075 571 2157 genti
595 2074 730 2155 cuidam,
754 2093 867 2157 nempe
890 2073 1153 2157 Eumolpidarum
1177 2070 1350 2134 attribuen-

180 2179 255 2241 dum
275 2198 352 2243 esse.
390 2181 461 2244 Hoc
476 2180 579 2244 solum
596 2187 716 2244 certum
737 2200 805 2244 esse
823 2180 958 2243 arbitror
974 2180 1065 2242 illurn
1086 2181 1139 2263 qui
1160 2179 1348 2241 invectivam

178 2288 353 2368 composuit
383 2306 446 2349 non
485 2287 577 2349 modo
609 2286 783 2348 Andocidis
815 2288 967 2369 impietati
1000 2294 1065 2348 tam
1097 2286 1247 2348 infestum
1281 2302 1349 2346 sese

178 2391 368 2473 praebuisse,
397 2412 507 2456 verum
535 2395 665 2476 insuper
692 2393 846 2455 invidiam
874 2395 907 2454 in
936 2413 1008 2455 eum
1037 2392 1197 2455 effundere
1225 2395 1350 2474 propter

178 2503 281 2580 partes
311 2519 389 2583 quas
417 2505 583 2564 accusatus
612 2506 679 2563 turn
708 2499 906 2583 sequebatur.
953 2499 1004 2562 Ab
1034 2497 1236 2582 optimatibus
1265 2498 1348 2560 enirn

178 2609 260 2669 stare
282 2606 417 2688 videtur,
441 2609 561 2670 utiam
584 2612 667 2671 recte
691 2610 814 2670 monuit
837 2606 912 2670 Zutt
935 2607 976 2691 (p.
1001 2607 1089 2686 31).⁶t
1136 2607 1184 2668 Ac
1211 2604 1349 2688 proiecto

179 2713 236 2774 hac
260 2713 299 2776 de
321 2733 355 2776 re
379 2715 535 2777 exclamat

267 2839 287 2916 ὃ
313 2838 353 2899 13
382 2832 454 2915 τοτ’-ς
486 2836 545 2922 μὲν
574 2825 627 2903 oda
656 2832 772 2916 littora
800 2834 830 2903 ol
861 2833 1069 2917 ἐπιτάξαντες
1102 2834 1347 2916 καταδέξασθαι

178 2935 289 3008 ddraoi
291 2965 323 3007 σι
347 2942 480 3009 καὶτοῦ
504 2936 600 3010 αι’τσῖ·
623 2936 824 3030 άσεβίματσς
847 2940 947 3010 αἴτιαί
969 2967 1050 3009 εισιν

268 3070 385 3153 quibus
426 3055 531 3134 verbis
563 3089 597 3134 se
633 3071 738 3173 ipsum
777 3090 840 3134 non
881 3075 1064 3134 contentum
1103 3089 1171 3134 esse
1209 3069 1263 3132 illo
1294 3061 1351 3150 ‘pri

176 3169 390 3262 parrrporacaaiv'
416 3178 558 3260 (Aristot.
581 3176 673 3261 Resp.
698 3178 812 3241 Athen.
836 3197 860 3241 c.
887 3178 939 3259 39)
965 3176 1137 3260 profitetur.

266 3300 378 3385 Itaque
401 3303 526 3366 laudem
550 3303 636 3365 illam
661 3304 828 3386 Areopago
852 3301 949 3365 tribui
973 3301 1180 3383 intelligimus

267 3426 286 3504 ξ
317 3426 357 3488 14
386 3424 418 3490 ἐν
444 3418 556 3513 Ἀρειῳ
589 3420 686 3512 ιιάγῳ
719 3425 752 3492 ἐν
782 3427 827 3512 τῳ
860 3419 1041 3510 σεμνοτάτῳ
1074 3422 1130 3488 καὶ
1153 3416 1349 3507 δικαιοτάτῳ

177 3526 371 3618 δικαστηρίῳ)

268 3796 287 3863 ¹)
306 3795 339 3848 In
361 3796 530 3850 diiudicanda
552 3796 669 3850 oratione
692 3795 720 3848 in
743 3797 900 3850 universum
924 3757 1122 3850 assentiendum
1146 3799 1188 3849 est
1206 3796 1258 3863 eis,
1283 3812 1350 3864 quae

176 3866 325 3922 Hcelscher
342 3867 382 3921 l.l
410 3884 433 3937 p.
448 3870 490 3935 57,
510 3867 573 3922 Fallr
592 3884 616 3937 p.
630 3868 672 3935 68,
692 3867 768 3922 Blass
787 3868 815 3921 Ἰ
828 3885 852 3936 p.
867 3868 919 3922 566
937 3869 970 3921 ff.
983 3869 1171 3937 exposuerunt.

266 3938 287 4109 δ
305 3941 336 4078 ἐξ
354 3940 740 4083 A12d⁵2l⁷2l⁹2oaaa

266 4083 524 4218 dffiffffm

269 4220 290 4288 θ)
310 4220 384 4285 Quod
408 4223 469 4277 inde
494 4227 646 4280 credibilius
669 4227 715 4293 fit,
731 4227 809 4294 ,quod
828 4225 854 4279 ei
873 4225 977 4294 patroni
996 4225 1157 4279 exstiterant
1175 4241 1282 4291 causae,
1306 4223 1350 4292 qui

177 4294 233 4345 turn
254 4291 357 4359 plebem
378 4295 589 4365 moderabantur,
608 4302 714 4367 Anytus
733 4301 761 4352 et
779 4297 911 4365 Cephalus
931 4298 976 4366 (cf.
990 4312 1071 4364 supra
1088 4313 1112 4364 p.
1132 4296 1186 4359 10).
