3074 4936
665 1408 816 1531 Caput
849 1411 879 1503 Ι.

249 1883 251 1887 ,
326 1803 382 1881 De
411 1801 486 1880 lite
514 1801 722 1882 adversus
749 1801 1012 1888 Andocidem,
1037 1805 1215 1886 intenta.

661 2000 872 2008 Ἣ

192 2138 193 2143 ’
274 2121 318 2184 Ut
341 2140 382 2184 ex
401 2121 510 2184 multis
533 2121 602 2184 eliis
626 2121 703 2185 locis
726 2122 742 2185 Ι
767 2125 795 2186 8.
822 2123 871 2186 10.
896 2125 946 2188 29.
972 2124 1022 2186 33.
1049 2123 1119 2186 111.
1146 2126 1355 2206 121.,itaex

182 2231 214 2310 §⁰
248 2229 313 2290 7114
331 2231 376 2308 (et
412 2227 514 2311 103³)
549 2229 750 2292 manifestum
784 2234 843 2311 est,
877 2231 1071 2294 adversarios
1104 2232 1267 2294 inimicum
1301 2252 1356 2315 per

182 2335 330 2399 endeixin
355 2334 395 2397 ed
419 2334 572 2398 iudicium
598 2337 805 2400 arcessivisse.

272 2443 327 2503 71:
368 2439 498 2521 ἐνέδειξε
526 2443 576 2522 (sc.
607 2439 776 2530 Κηφίσιος)
807 2441 865 2527 μέν
894 2467 934 2526 με
964 2441 1048 2510 κατὰ
1080 2442 1139 2510 οόν
1168 2440 1268 2530 νόμον
1297 2442 1356 2509 τὸν

181 2547 328 2634 κείμενον,
356 2544 412 2631 τὴν
440 2547 475 2613 δὲ
504 2546 697 2637 κατηγορίαν
723 2552 871 2614 ποιεῖται
895 2549 978 2614 κανᾶ
1011 2545 1169 2639 ψήφισμα
1199 2545 1356 2639 πρότερον

180 2649 383 2741 γενόμενονί)
426 2703 427 2706 ¹
950 2727 954 2733 ,

271 2760 359 2836 Quae
382 2765 462 2826 ratio
490 2764 659 2826 accusandi
683 2765 715 2825 in
741 2783 895 2846 quosnam
924 2771 1076 2848 usurpata
1104 2768 1153 2847 sit,
1182 2766 1271 2829 docet
1298 2785 1355 2828 nos

181 2868 421 2950 Harpocration,
446 2872 501 2952 'qui
525 2871 583 2933 hoc
607 2857 737 2933 auootat
760 2890 783 2933 s.
808 2891 836 2932 v.
860 2867 1026 2952 i‘vriemrgss)

270 2967 352 3052 είδος
376 2972 465 3064 δίκης
488 2974 644 3064 δημοσίας
665 2969 719 3065 ὑφ’
743 2966 780 3063 ἢν
803 2972 875 3054 τοὺς
898 2975 934 3040 ἐκ
958 2979 1019 3042 τῶν
1038 2971 1146 3061 νόμιον
1161 2974 1355 3064 εἰργομένους

183 3083 273 3146 caruca
296 3075 315 3168 ἠ
337 3075 452 3146 τόπων
475 3079 494 3170 ἢ
512 3077 659 3171 πράξεων
681 3079 710 3148 εἰ
731 3079 775 3170 μὴ
799 3075 968 3164 ἀπείχοντο
993 3075 1096 3148 αὐτῶν
1119 3075 1246 3172 ὑπῆγον.

271 3187 462 3275 Quicunque
486 3191 582 3272 igitur
605 3192 655 3253 ius
679 3189 876 3272 arrogabant,
900 3190 984 3273 quod
1009 3191 1047 3253 iis
1071 3209 1134 3254 non
1151 3191 1354 3273 competebat,

181 3317 252 3360 cum
266 3297 334 3359 loca
346 3296 462 3380 quibus
479 3303 584 3380 utpote
596 3298 684 3359 atimi
699 3297 841 3380 impediti
858 3305 956 3376 erant,
975 3297 1111 3378 adibant,
1130 3316 1185 3380 per
1204 3298 1351 3360 endeixiu

181 3406 224 3466 rei
248 3402 374 3468 fiebant.

269 3511 353 3593 Ergo
377 3513 549 3574 adversarii
567 3511 740 3574 Andocidis
759 3530 874 3574 nomen
895 3512 1085 3593 detulerunt,
1109 3511 1194 3594 quod
1213 3513 1352 3574 atimiam

181 3617 273 3699 plane
296 3618 500 3700 sprevissett)

272 3793 289 3856 ¹)
310 3808 393 3858 paene
413 3793 504 3844 cartem
524 3792 607 3846 verba
624 3797 653 3860 §0
674 3795 740 3848 103³
758 3812 863 3863 quoque
882 3794 1014 3862 leguntur.

270 3862 289 3923 ⁹)
309 3864 343 3914 cf.
363 3863 413 3915 hac
432 3863 464 3914 de
485 3879 514 3914 re
532 3863 619 3915 Meier
636 3882 662 3916 u.
682 3865 841 3928 Sohomanm
860 3867 909 3917 der·
927 3863 1048 3916 Attisehe
1067 3863 1188 3927 Prozess,
1208 3862 1351 3915 neutrearb.

180 3950 231 3986 von
254 3933 359 3999 Lipsius
382 3950 407 4001 p.
427 3933 480 3986 286
504 3948 561 4000 sqq.
591 3963 621 3972 -
651 3934 849 4000 Scho'mann,
878 3934 983 3987 Griech.
1013 3932 1270 3999 Stoutsaltertiimer,
1299 3951 1353 3986 nou

182 4003 268 4057 hearb.
288 4020 340 4054 von
358 4004 464 4072 Lipsius
484 4021 507 4071 p.
527 4003 587 4057 523.

269 4073 289 4141 ⁸)
307 4074 406 4128 Tamen
423 4075 474 4128 hoc
493 4075 663 4129 memorabile
682 4076 731 4140 est,
750 4091 839 4142 neque
857 4075 1021 4128 Andocidem
1040 4076 1121 4128 rades
1140 4076 1245 4128 dedisse
1264 4092 1351 4143 neque

178 4146 207 4197 in
225 4160 360 4198 carcerem
385 4146 536 4200 coniectum
554 4163 622 4214 esse,
646 4146 672 4200 id
691 4145 761 4213 quod
780 4162 814 4199 ex
832 4146 982 4199 Atticorum
1001 4146 1060 4199 iure
1080 4149 1108 4200 et
1125 4162 1177 4200 usu
1195 4149 1259 4202 erat.
1279 4147 1351 4216 (Lip-

178 4216 242 4283 sius,
260 4217 315 4269 au.
335 4217 410 4271 Proz.
431 4234 456 4286 p.
475 4217 547 4286 272).
