3074 4936
640 343 859 406 ..13-

253 519 355 584 Multo
385 521 515 603 gravius
542 524 647 584 autem
676 519 830 584 indicium
858 523 1021 603 sequentia
1048 522 1206 605 praebent.
1253 523 1271 603 ξ
1297 523 1337 585 18

162 629 313 712 legimus:

253 732 309 799 καί
331 728 375 821 μή
398 724 451 812 οἳς
472 731 530 817 μὲν
553 730 635 815 ἔχετε
659 725 847 811 ἀδικοῦντας
870 727 988 822 ἀφίετε,
1013 731 1086 813 τοὺς
1113 733 1149 801 δὲ
1167 729 1339 823 φεόγοντας

165 842 282 929 ζητεῖτε
312 833 556 923 συλλαμβάνειν,
586 835 844 928 ἐπικηρύττοντες
870 835 1026 908 τάλαντον
1054 834 1200 929 ἀργυρίου
1227 835 1339 907 δώσειν

165 949 211 1034 τῷ
234 940 395 1034 ἀπάγοντι
416 941 437 1032 ή
459 938 693 1012 ἀποκτείναντι.

255 1053 351 1118 Totus
384 1073 525 1118 conexus
558 1055 696 1137 postulat
729 1060 765 1119 ut
796 1056 873 1118 haec
904 1055 1077 1120 referamus
1105 1057 1144 1119 ad
1169 1053 1339 1138 Diagoram
1453 1090 1456 1096 ·

166 1161 307 1244 Melium,
331 1163 369 1226 de
394 1182 457 1245 quo
476 1161 652 1224 decrevisse
670 1162 889 1244 Athenienses,
912 1168 949 1226 ut
965 1164 1020 1245 qui
1036 1181 1109 1226 eum
1124 1161 1341 1246 prehendisset

165 1270 217 1333 vel
243 1270 462 1350 interemisset,
488 1269 629 1353 praemio
659 1270 754 1334 unius
781 1271 890 1333 talenti
918 1268 1103 1353 afficeretur,
1131 1270 1340 1351 comperimus

167 1395 207 1439 ex
230 1377 325 1439 Arist.
349 1378 409 1439 Ar
436 1375 529 1438 1073.
670 1374 674 1381 ’

367 1484 440 1583 oppda
462 1480 570 1566 μέντοι
592 1474 721 1608 θήμέρῃι
745 1474 914 1565 μάλιστΗ
899 1478 1163 1610 επαναγρρεόεται

368 1578 405 1676 ὀμ
428 1581 604 1678 ἀποκτείνῃ
627 1613 675 1667 τις
696 1581 783 1673 ὑμῶν
806 1584 977 1698 Διαγόραν
998 1585 1057 1655 τόν
1080 1582 1215 1656 Μήλιον

368 1690 543 1781 λαμβάνειν
564 1689 734 1761 τάλαντον.

257 1805 306 1868 Ao
328 1805 466 1888 profecto
490 1804 662 1868 scholiaet
685 1805 723 1867 ad
747 1805 833 1869 hunc
850 1804 993 1869 locume
994 1744 1061 1868 tad
1079 1803 1158 1869 Rau
1178 1805 1242 1868 320
1261 1803 1341 1867 illud

168 1911 337 1996 populisoit
337 1931 392 1974 um
423 1910 590 1994 perhibent
622 1912 706 1993 quod
740 1916 848 1975 nostro
880 1912 949 1976 loeo
978 1910 1070 1975 nobis
1097 1918 1201 1975 servat
1204 1932 1256 1975 um
1285 1916 1342 1992 est,

169 2020 314 2102 quamvis
337 2038 402 2082 non
425 2018 464 2080 ad
488 2017 620 2081 verbum
645 2019 695 2080 hic
721 2017 868 2082 afferatur
891 2020 1001 2083 saltem
1029 2018 1202 2082 secundum
1228 2019 1341 2083 scholi·

168 2133 253 2191 astae
277 2127 375 2190 diota:

257 2233 354 2296 schol.
379 2233 463 2296 1073
489 2226 681 2310 Μελάνθιος
698 2231 734 2298 δὲ
752 2231 786 2298 ἐν
800 2234 846 2319 τῷ
863 2232 937 2320 περί
952 2230 1131 2321 μυστηρίων
1148 2231 1341 2320 προφέρεται

85 2352 88 2357 “
169 2340 224 2426 τής
245 2339 363 2426 χαλκής
385 2333 502 2427 στήλης
524 2331 718 2427 ἀντίγραφον
742 2390 748 2402 .
775 2390 781 2403 .
808 2390 815 2402 .
840 2334 897 2404 ἐάν
924 2338 959 2405 δέ
987 2364 1035 2417 τις
1062 2332 1233 2427 ἀποκτείνῃ
1258 2342 1343 2405 Δια-

169 2441 270 2534 γόραν
292 2441 351 2512 τόν
374 2439 504 2534 Μήλιον
526 2440 702 2531 λαμβάνειν
725 2438 871 2534 ἀργυρίου
893 2441 1060 2513 τάλαντον.

259 2554 311 2617 Ad
335 2554 397 2617 tale
418 2555 598 2638 psephisma
621 2560 727 2619 autem
751 2559 833 2618 certe
857 2573 949 2619 nemo
968 2574 1117 2619 revocare
1134 2559 1265 2639 poterat,
1289 2556 1343 2637 qui

170 2681 235 2725 nou
258 2663 362 2745 ipsum
386 2665 501 2736 nosset,
528 2662 562 2724 id
586 2662 670 2743 quod
693 2660 919 2745 posterioribus
939 2662 1133 2746 temporibus
1153 2680 1245 2745 aegre
1274 2660 1344 2724 fieri

170 2772 298 2851 poterat.

261 2873 377 2938 Contra
405 2876 482 2938 haec
511 2875 591 2938 nihil
620 2875 704 2940 valet
732 2877 817 2959 quod
848 2876 976 2940 exhibet
998 2875 1283 2959 Mulier-Striibing
1305 2874 1343 2938 N.

170 2982 278 3047 Jahrb.
303 2980 414 3046 CXXI
435 3004 464 3068 p.
490 2983 531 3046 87
556 3002 623 3066 sqq.
669 2983 702 3047 Is
725 2984 810 3046 enim
833 2980 1020 3048 sententiam
1048 2983 1174 3069 profert,
1203 3002 1344 3066 eaquae

171 3090 254 3173 apud
282 3089 526 3174 Aristophanem
562 3092 643 3155 diota
678 3093 741 3154 sint
767 3093 799 3153 in
830 3092 889 3153 Ar.
920 3092 1005 3154 1073
1033 3085 1070 3179 ’ήν
1098 3083 1270 3178 ἀποκτείνῃ
1297 3115 1346 3167 τις

170 3188 257 3280 ἱμῶν
275 3190 445 3285 Διαγόραν
462 3193 522 3262 τόν
538 3192 667 3286 Μήλιον
686 3217 887 3282 nequaquam
903 3198 942 3261 ad
958 3199 1175 3263 condicionem
1191 3198 1346 3280 quadrare

170 3306 204 3367 in
234 3325 297 3388 qua
324 3311 393 3369 tum
416 3307 659 3370 Atheniensium
689 3311 813 3370 versata
841 3307 882 3370 sit
911 3305 1096 3389 respublica.
1143 3304 1279 3369 Nonnisi
1307 3305 1345 3366 de

173 3412 343 3496 Protagora
366 3412 441 3476 talia
464 3413 620 3497 affirmare
643 3415 745 3478 licere.
784 3413 853 3489 Qua
876 3414 915 3477 de
938 3434 1033 3477 eausa
1057 3415 1201 3497 proponit
1224 3414 1345 3476 coniec-

172 3524 276 3582 turam
299 3538 410 3583 versus
438 3539 511 3583 cum
539 3523 654 3584 mutari
681 3521 789 3586 iubeat
815 3514 1105 3586 111οοΜίλιον1η
1133 3515 1229 3608 Τήιον
1252 3540 1345 3603 argu-

172 3631 278 3690 mento
301 3645 379 3690 usus
402 3627 463 3690 loci
485 3628 651 3691 cuiusdam
673 3628 798 3692 fabulae
820 3627 1014 3711 Eupolideae
1037 3622 1204 3705 ,Κόλακες’

261 3730 373 3801 ἔνδοθι
395 3731 454 3818 μέν
476 3731 545 3797 ἐστι
568 3728 791 3821 Πρωταγόρας
815 3727 832 3798 ό
862 3729 958 3821 Τήιος

263 3833 300 3921 ὃς
322 3834 545 3923 ἀλαζονείεται
566 3839 634 3925 μέν,
659 3833 827 3930 ἀλιτήριος,

260 3948 334 4038 περὶ
356 3950 420 4015 τῶν
441 3942 613 4038 μετεώρων,
637 3944 679 4014 τά
703 3947 739 4015 δὲ
760 3950 911 4033 χαμάθεν
933 3947 1048 4015 ἐσθίει.

173 4059 258 4120 unde
285 4059 408 4122 elucere
435 4057 638 4141 Protagoram
670 4059 868 4122 nominatum
896 4077 964 4123 esse
991 4053 1051 4123 τόν
1077 4051 1173 4144 Τήιον
1201 4057 1346 4140 quamvis
1446 4043 1448 4045 ¹

174 4165 327 4227 oriundus
350 4163 445 4228 fuerit
466 4164 602 4228 Abdera.
638 4166 686 4228 Ac
709 4165 869 4228 concludit
892 4184 984 4249 porro
1006 4167 1216 4229 Athenienses
1240 4164 1345 4226 statim

173 4271 201 4332 ai
220 4269 316 4333 verba
329 4263 509 4363 ,Διαγόραν
532 4267 591 4336 τόν
617 4264 715 4359 Τήιον
738 4273 951 4357 exaudissent,
975 4274 1013 4336 de
1037 4273 1209 4356 Protagora
1232 4271 1345 4355 cogita·
