3074 4936
654 262 942 365 -asa

178 483 257 548 Nam
284 486 456 568 epilogum,
480 503 542 568 quo
567 488 670 546 orator
693 483 807 545 iterum
831 485 1016 563 argumenta
1040 478 1270 561 complectitur,
1294 495 1348 539 ex-

177 591 272 656 scribi
300 611 317 654 e
340 611 415 654 vera
434 591 578 653 oratione
601 593 637 652 ut
660 609 678 651 a
701 585 922 672 probabilitate
945 588 1083 649 alienum
1108 590 1168 666 est,
1196 586 1241 647 ita
1262 601 1351 667 prae-

178 700 271 782 cipue
294 698 378 761 credi
401 699 457 759 vix
481 701 589 780 potest,
614 696 848 780 epitomatorem
870 713 920 757 res
939 698 1002 756 tam
1023 692 1121 756 effuse
1139 691 1298 755 illustrare
1316 692 1350 752 in

181 825 217 868 eo
241 824 309 868 esse
332 809 488 868 conatum.

267 911 412 975 Secundo
436 910 504 974 loco
529 909 603 972 Zutt
625 913 774 993 provocat
796 909 836 971 ad
859 908 944 991 leges
967 927 1031 971 non
1056 908 1201 990 scriptae,
1227 906 1350 968 divinas

184 1020 213 1099 (ξ
239 1020 300 1101 10),
325 1017 440 1102 quibus
465 1017 618 1080 utendum
642 1017 683 1079 sit
705 1014 874 1079 iudicibus,

270 1124 379 1186 καίτοι
408 1121 574 1206 Περικλέα
607 1119 692 1186 ποτέ
724 1137 805 1202 φασι
837 1118 1035 1204 παραινέσαι
1065 1112 1141 1202 ὑμῖν
1169 1120 1246 1202 περὶ
1279 1124 1350 1182 τῶν

181 1221 406 1307 ἀσεβούντων,
429 1220 473 1312 μὴ
496 1223 604 1311 μόνον
626 1233 771 1312 χρῆσθαι
790 1238 860 1302 τοῖς
883 1226 1120 1310 γεγραμμένοις
1140 1220 1254 1308 νόμοις
1274 1226 1348 1307 περὶ

181 1327 305 1410 αὐτῶν,
341 1325 423 1398 αλλα
459 1335 515 1398 καὶ
547 1343 618 1410 τοῖς
647 1327 824 1416 ἀγράφοις,
857 1325 937 1398 καθ’
967 1322 1024 1409 ola
1048 1326 1259 1416 Εὐμολπίδαι
1283 1330 1350 1416 igq-

179 1448 318 1524 γοῦνται
342 1445 412 1505 κτλ.

270 1547 333 1611 Hic
353 1549 485 1631 requirit
504 1549 553 1611 vir
572 1512 682 1612 doctus
701 1550 763 1611 ut
755 1568 787 1610 rn
790 1553 909 1632 terpres
928 1549 1083 1632 quispiam
1103 1548 1209 1631 legum
1226 1546 1352 1609 illarum

182 1655 382 1737 producatur
406 1674 478 1717 cum
503 1656 648 1739 opinetur
671 1655 761 1719 aliter
783 1660 851 1738 pert
839 1653 981 1718 turbatos
1004 1654 1214 1738 confusosque
1232 1654 1353 1717 iudices

180 1761 303 1824 futuros
331 1761 438 1842 fuisse,
462 1762 537 1844 quia
560 1762 638 1845 quid
662 1761 722 1824 sibi
746 1761 841 1824 vellet
863 1761 935 1825 talis
957 1762 1156 1842 memoratio,
1185 1780 1237 1824 eos
1260 1759 1353 1843 plane

182 1868 340 1951 eflugeret.
386 1868 508 1932 iniuria
533 1869 657 1951 opinor!
705 1867 769 1932 Cur
794 1869 876 1932 enim
902 1868 986 1952 leges
1009 1868 1082 1932 illae
1105 1869 1276 1931 recitentur
1299 1871 1354 1929 aut

181 1994 289 2037 earum
320 1958 474 2058 interpres
504 1977 632 2055 existat,
663 1995 735 2037 cum
767 1976 936 2058 interprete
966 1995 1029 2038 non
1057 1975 1218 2057 indigeant
1246 1977 1354 2056 utpote

182 2100 263 2164 quae
290 2082 374 2163 leges
398 2082 461 2143 sint
485 2080 524 2143 ab
548 2083 615 2165 ipsa
638 2088 753 2144 natura
776 2081 957 2145 homiuibus
980 2083 1094 2145 insitae
1117 2099 1260 2165 quasque
1284 2081 1353 2163 qui·

183 2187 252 2250 dem
278 2186 485 2270 Eumolpidae
509 2192 632 2251 tantum
655 2192 739 2252 recle
762 2190 961 2272 interpretari
984 2188 1045 2252 sibi
1068 2187 1251 2251 vindicant?

271 2292 395 2357 Deinde
419 2294 547 2358 offendit
572 2296 603 2356 in
628 2295 732 2358 verbis
757 2296 775 2376 ξ
805 2296 844 2357 21

270 2391 453 2485 Ἀνδοκίδης
478 2390 592 2485 ἐπειδὴ
621 2393 780 2486 ἥμαρτεν
810 2400 840 2464 εί
866 2393 910 2486 pr)
934 2402 1102 2487 παραδοίη
1126 2391 1188 2464 τὸν
1211 2395 1354 2464 α’κόλοο-

189 2513 254 2571 θον
280 2545 319 2552 -
344 2502 548 2592 τιμήσασθαι
571 2508 791 2590 μιιρτνρίουῐ).
829 2507 884 2571 ἐπὶ
908 2506 1016 2572 ἐλπίδι
1040 2515 1081 2589 τῇ
1106 2500 1197 2589 αὐτῇ.

271 2613 359 2677 Haec
383 2615 488 2677 omnia
511 2619 575 2678 tam
599 2614 735 2678 breviter
759 2621 789 2678 et
808 2614 940 2679 obscure
959 2635 1028 2680 esse
1046 2617 1138 2698 dicta,
1163 2621 1197 2678 ut
1216 2616 1284 2698 ipsa
1301 2614 1355 2677 illa

183 2720 435 2803 breviloquentia
470 2723 604 2806 epitome
635 2722 793 2805 prodatur.
850 2722 917 2804 Ego
949 2723 1008 2786 lroc
1040 2723 1228 2787 contradico.
1283 2720 1355 2785 Non

182 2827 283 2909 liquet
310 2847 368 2891 cur
396 2830 467 2913 quis
497 2830 668 2893 orationem
694 2831 885 2914 excerpserit
908 2834 1093 2914 aspernatus
1116 2847 1242 2894 omnem
1265 2829 1355 2891 clari-

184 2938 278 2996 tatem
303 2940 334 2996 et
356 2933 619 3019 perspicuitatem.
655 2935 738 3000 Nam
759 2938 837 3019 eius,
860 2939 916 3020 qui
935 2939 1084 3020 epitomat
1102 2938 1232 3000 interest
1250 2936 1356 2999 omnia

176 3041 290 3103 statim
312 3041 446 3124 intelligi
471 3061 574 3126 neque
597 3045 664 3107 veri
687 3045 790 3108 simile
813 3051 860 3107 est
883 3064 956 3108 eum
975 3043 1071 3107 verba
1091 3064 1149 3107 sua
1168 3043 1257 3127 quasi
1276 3041 1355 3105 velis

184 3145 353 3210 obtendere
382 3149 426 3211 ita
453 3152 489 3211 ut
516 3149 594 3212 nihil
623 3151 736 3213 acriter
780 3152 913 3234 perspici
938 3153 1043 3234 possit.
1090 3153 1139 3214 Ac
1161 3151 1299 3235 profecto
1321 3149 1355 3211 in

183 3251 296 3335 Lysiae
327 3256 466 3318 oratione
489 3255 549 3337 XI,
577 3276 658 3340 quae
681 3261 765 3320 certe
789 3258 926 3341 epitoma
956 3263 1003 3320 est
1025 3257 1175 3339 Lysiacae
1200 3257 1242 3341 X,
1267 3255 1355 3320 nulla

184 3359 358 3425 obscuritas
382 3382 485 3446 neque
509 3363 677 3427 verborum
702 3383 805 3448 neque
828 3384 934 3428 rerum
958 3365 1055 3447 adest,
1079 3366 1134 3428 sed
1154 3365 1260 3428 omnia
1283 3366 1358 3427 sunt

183 3467 320 3531 dilucida
336 3489 372 3531 ac
387 3471 559 3553 perspicua.
599 3469 668 3545 Qua
685 3472 834 3535 decanea
853 3472 1043 3536 obscuritate
1063 3474 1116 3535 illa
1135 3491 1198 3535 non
1219 3471 1358 3534 adducor

184 3579 221 3636 ut
245 3574 284 3637 ad
309 3574 405 3639 Zuttii
429 3578 618 3640 sententiam
642 3578 800 3642 inclinem.

274 3682 373 3765 Atqui
403 3683 463 3746 alia
491 3690 661 3768 congregat
689 3686 728 3767 ad
751 3686 940 3750 fulciendam
966 3688 1153 3771 opinionem.
1200 3682 1359 3770 Autumat

184 3806 248 3850 non
276 3789 369 3851 modo
398 3809 438 3852 ex
466 3792 600 3874 singulis
623 3792 717 3856 rebus
742 3794 1007 3876 quemadmodum
1032 3797 1175 3856 narratae
1199 3795 1275 3872 sint,
1304 3792 1358 3855 sed

186 3912 227 3957 ex
248 3899 313 3957 tota
332 3898 482 3961 orationis
501 3900 726 3982 compositione
745 3919 894 3983 apparere
913 3903 1080 3983 epitomum
1100 3918 1141 3963 ex
1160 3900 1359 3963 accusatione

274 4090 293 4151 ¹)
313 4089 382 4142 lllud
405 4083 577 4162 τιμίοπσσαι
600 4098 750 4174 μιιρτιρίοο
772 4094 825 4146 iam
848 4095 948 4146 dudum
972 4096 1103 4146 mutatum
1126 4095 1175 4158 est
1202 4110 1263 4146 cum
1287 4091 1360 4145 omni

184 4175 265 4212 sensu
284 4165 381 4213 careat.
413 4163 523 4249 Legitur
541 4181 613 4217 nunc
631 4141 758 4217 locust
723 4166 773 4217 rste
793 4164 914 4217 omnibus
928 4160 1132 4232 protantibus⁰
1118 4186 1169 4234 ος
1159 4165 1226 4232 ὑιιον
1241 4157 1274 4232 ips
1277 4154 1359 4228 ἥσατο

183 4229 288 4302 δισμοῐ,ι
307 4227 479 4302 repararem
500 4231 513 4299 ί]
534 4229 702 4307 apyr‘ptor.
