3074 4936
640 345 857 404 ‚41-

163 518 306 605 Ocphisii
326 523 526 586 accusatione
541 522 623 586 faeta
639 523 711 584 duci
735 541 833 605 posse.
872 520 980 585 Restat
997 523 1103 605 igitur,
1119 542 1190 586 eum
1211 541 1336 587 accusa-

162 630 257 692 tionis
281 630 435 693 rationem
460 649 496 693 ac
515 648 616 711 genus
635 647 710 712 prae
728 647 762 691 se
780 628 868 711 ferat,
888 629 1064 692 ·Andocidis
1083 630 1151 693 eius
1170 649 1335 712 argumen-

162 737 289 799 tationis
318 738 470 799 rationcm
495 755 558 798 non
584 735 709 816 habeat,
739 742 775 798 ut
797 734 1024 799 concludamus
1047 740 1118 818 post
1140 736 1227 800 litem
1250 757 1336 819 mys-

161 844 312 906 teriorum
327 844 514 906 violatorum
532 861 601 905 eam
617 843 826 924 conscriptam
843 860 919 906 esse.
952 839 1153 925 Quapropter
1165 845 1335 908 verisimile

161 954 217 1029 est,
233 954 394 1012 auctorem
413 950 451 1012 ad
472 949 653 1032 fingendam
670 951 903 1012 accusationem
922 951 1100 1032 inspexisse
1118 951 1162 1012 rei
1183 950 1335 1013 defensio-

161 1076 234 1120 nem
255 1058 371 1140 quippe
394 1076 476 1141 quae
499 1058 607 1120 omnia
630 1052 763 1119 crimina
785 1056 970 1139 propulsare
990 1057 1138 1119 studeret.
1176 1056 1336 1140 Suspicari

161 1167 266 1226 autem
297 1164 369 1227 licet
392 1165 469 1227 locis
493 1163 683 1247 quibusdam
709 1163 947 1226 similitudinem
972 1168 1216 1246 patescere'non
1242 1165 1335 1227 modo

162 1271 193 1330 in
218 1267 334 1352 verbis,
356 1289 467 1333 verum
492 1271 587 1333 etiam
611 1271 644 1332 in
668 1269 762 1333 rebus
787 1289 822 1332 ac
846 1271 1017 1334 sententiis.
1053 1268 1141 1344 Quae
1164 1271 1335 1334 similitudo

161 1395 238 1439 num
262 1377 444 1440 inveniatur
467 1378 529 1440 iam
552 1377 772 1460 ponderemus.

250 1483 422 1567 Praecipua
455 1486 620 1548 consensio
652 1487 755 1546 exstat
790 1485 870 1546 inter
903 1484 1104 1546 Andocideae
1132 1487 1149 1562 ἓ
1176 1485 1237 1546 137
1267 1504 1333 1567 sqq.

67 1619 70 1626 Α
161 1594 192 1652 et
216 1588 434 1671 Ps-Lysiacae
458 1591 476 1671 ξ
503 1591 543 1652 19
568 1611 613 1672 sq.

216 1747 278 1799 139:
306 1751 332 1798 οἱ
359 1747 411 1818 μὲν
440 1752 499 1800 θεοὶ
528 1750 555 1798 ἐκ
583 1739 720 1799 τοσούτων
830 1739 1334 1819 ὁ(λλίλιὸςὶιπῆνεναὐτὸνίναιῖηικὸ-

161 1825 296 1888 κινιλίινων
313 1827 414 1902 ἔσῳζόν
431 1855 473 1907 με,
493 1839 575 1906 σφῶν
588 1835 617 1887 dd
632 1829 720 1889 ‹tinuit›
773 1853 856 1907 μενος
877 1877 881 1886 .
903 1877 907 1886 .
930 1877 934 1886 .
957 1837 1000 1886 ἐπὶ
1016 1839 1045 1909 τη
1059 1838 1110 1910 ipat]
1125 1829 1264 1909 προηιτίσιι
1277 1830 1335 1904 ιλῴη

161 1916 366 1996 προοστησαντο
383 1916 505 1996 τιμωρὸν
522 1927 651 1992 γενέσθαι
664 1932 719 1990 Λή-
774 1923 861 1990 δίκην.

161 2018 257 2083 ηιίσιον

215 2175 277 2227 137;
309 2166 498 2246 κατηγόρησαν
530 2174 563 2226 (λέ
587 2195 641 2245 μοι
674 2179 718 2226 καλ
829 2169 881 2225 ἀλλ’
905 2168 939 2234 ὠς
961 2176 1334 2247 θαρρῶνναοκληρίηέπιίλέ-

160 2266 221 2333 περὶ
246 2264 301 2314 τῶν
326 2264 493 2331 ναυκληριῶν
519 2268 563 2313 καὶ
591 2267 650 2333 περὶ
676 2264 720 2326 της
774 2280 855 2333 μενος
874 2255 921 2328 τὴν
942 2253 1075 2315 θάλατταν
1094 2264 1173 2314 ἔπλει,

161 2351 297 2421 ἐμπορίας

252 2512 289 2574 Vi
315 2513 424 2576 eadem
448 2518 524 2576 sunt
546 2514 616 2587 loci,
640 2513 694 2576 sed
719 2515 815 2602 uariis
841 2513 943 2576 verbis

372 2617 429 2684 ἐπὶ
451 2620 489 2707 τῇ
512 2618 570 2708 εἰηΝ
592 2614 755 2709 προφάσει
776 2657 817 2675 --
846 2612 1088 2707 προίστίσαντο

373 2725 447 2813 περὶ
473 2728 537 2790 τῶν
565 2728 759 2814 ναυκληριῶν
784 2765 821 2772 -
848 2723 1021 2815 ναυκληρίᾳ
1045 2725 1247 2812 ἐπιθέμενος.

249 2832 336 2895 Haec
358 2851 485 2916 quoque
503 2835 562 2896 etsi
580 2854 644 2898 non
664 2834 768 2897 verbis
788 2835 826 2896 ad
846 2836 892 2896 rei
911 2835 1155 2917 disputationem
1175 2836 1333 2919 applican-

160 2944 220 3021 tur,
240 2944 345 3002 tamcn
369 2939 608 3005 similitudinem
634 2941 793 3024 quandam
817 2941 968 3024 praebent

214 3116 276 3170 138:
297 3108 342 3185 ὑφ’
365 3102 403 3168 ὧν
422 3119 468 3184 (sc.
489 3118 604 3190 ληστών)
623 3120 718 3169 πολλοὶ
827 3119 855 3169 ἐν
874 3117 904 3170 di
923 3109 1008 3184 rodrtp
1026 3120 1063 3185 τῷ
1081 3110 1173 3190 χρόνῳ
1187 3118 1235 3186 eta
1248 3122 1333 3171 πολλα

158 3207 325 3290 ληφθέντες..
347 3245 352 3256 .
374 3209 493 3266 ,αἰκίαις
505 3212 563 3266 ταῖς
577 3211 719 3277 μεγίσταις
773 3211 818 3257 καὶ
838 3198 981 3266 κινδύνους
1000 3200 1014 3257 ὁ
1035 3199 1098 3267 θεὸς
1117 3209 1266 3278 ἐπιπέμπει
1278 3214 1333 3268 τοῖς

158 3296 320 3365 περιέπεσον
348 3297 391 3345 καὶ
422 3286 453 3345 sd
483 3299 601 3366 σφέτερα
630 3290 718 3347 αὐτῶν
773 3289 899 3346 ἀδικοῦσι
919 3337 923 3346 .
945 3336 950 3346 .
972 3336 977 3346 .
999 3290 1056 3347 ὁδί
1072 3288 1134 3355 θεὸς
1146 3299 1218 3355 τίλας
1230 3287 1333 3346 τούτων

159 3373 275 3452 σώματα
295 3387 503 3442 αἰκισθέντες
523 3378 665 3437 ἀπίθανον
773 3375 1008 3455 λυμηνάμενος
1025 3385 1062 3449 τῷ
1075 3389 1125 3449 βίῳ
1138 3374 1260 3435 θάνατον
1272 3384 1332 3434 tnt-

774 3480 862 3539 θηκιν.

251 3612 352 3676 Porro
377 3632 418 3676 ex
442 3634 503 3678 usu
527 3620 574 3678 est
597 3636 777 3700 comparare
802 3619 820 3699 ξ
847 3618 910 3680 139
934 3637 1006 3679 cunr
1035 3615 1107 3698 Lys.
1132 3615 1151 3698 ξ
1176 3617 1225 3679 19.
1271 3615 1334 3680 Hic

158 3720 242 3782 enim
266 3719 397 3782 eandem
422 3723 650 3805 oppositionem
674 3723 825 3786 habemus
849 3727 943 3806 atque
966 3722 1032 3786 iilic

250 3827 312 3888 139
337 3817 401 3908 tyci
421 3825 483 3910 μὲν
508 3814 570 3889 οὖν
595 3815 622 3890 ολ
647 3821 761 3915 ἄνδρες
784 3819 927 3913 ἡγοῦμαι
948 3835 1068 3915 χρῆναι
1086 3830 1233 3911 νομίζειν
1251 3818 1331 3904 τοὶς

158 3928 337 4009 τοιούτους
365 3927 545 4010 κινδύνους
574 3926 831 4018 ἄνθρωπίνους,
864 3927 944 4013 τοὺς
973 3936 1008 4002 δὲ
1041 3927 1127 4000 κατὰ
1156 3931 1331 4001 θάλατταν

161 4039 285 4114 θείους.
831 4116 835 4133 l

248 4146 427 4209 Andocides
449 4150 544 4232 paulo
568 4169 663 4234 supra
687 4150 726 4213 de
748 4151 914 4214 itineribus
936 4152 1101 4214 maritimis
1120 4151 1191 4234 egit.
1227 4147 1331 4210 Etiam

157 4254 188 4314 in
214 4253 414 4316 accusatione
437 4274 540 4318 sermo
564 4262 613 4319 est
632 4257 671 4320 de
688 4276 726 4320 na
738 4259 893 4340 rigatione
912 4260 942 4338 (ξ
964 4260 1025 4339 19),
1048 4257 1232 4339 adiungitur
1251 4256 1269 4336 ᾗ
1289 4256 1330 4317 20
