3074 4936
600 347 877 408 ⁴-34-

268 522 422 598 Quocirca
459 543 587 587 necesse
625 528 693 586 erat
729 523 922 586 Andocidem
956 542 1019 585 non
1053 524 1116 587 iarn
1150 529 1253 586 ratum
1288 542 1355 588 esse

179 631 358 713 psephisma
381 631 460 693 illud
485 649 526 694 ex
550 629 681 693 Euclide
705 630 854 692 archonte
877 629 1100 710 demonstrare,
1124 630 1155 691 id
1176 630 1261 711 quod
1279 631 1357 694 facit

178 737 252 800 inde
284 757 301 800 a
334 738 352 818 ξ
387 737 428 799 85
463 755 637 820 provocans
678 736 717 798 ad
754 755 823 799 eam
855 737 1100 800 Atheniensium
1139 737 1255 820 legem,
1293 757 1355 820 qua

179 845 406 907 constituerant
437 844 538 926 legem
571 843 691 906 nullam
726 843 776 906 vel
810 842 970 906 decretum
1009 843 1128 924 valere,
1168 844 1254 926 quod
1290 863 1354 907 non

178 948 383 1033 approbatum
408 951 440 1012 in
464 949 623 1032 lapidibus
647 950 714 1013 sive
737 949 893 1013 columnis
917 954 1083 1013 exaratum
1106 954 1197 1012 esset.
1243 949 1356 1033 ltaque

179 1062 214 1120 ut
237 1056 480 1120 fundamentum
504 1058 713 1121 accusationis
736 1061 863 1138 evertat,
894 1057 1026 1119 assidue·
1042 1056 1238 1139 pephismata
1260 1061 1355 1140 atquc

179 1163 262 1246 leges
294 1163 454 1227 recitanda
487 1170 577 1227 curat
609 1170 639 1228 ct
672 1164 690 1244 ξ
725 1164 765 1225 85
801 1182 927 1247 quoque
960 1159 1035 1250 περὶ
1068 1153 1220 1248 ἀγράφων
1246 1156 1354 1246 νόμον
1448 1162 1451 1167 ’

179 1270 328 1351 loquitur.
370 1269 440 1333 Hae
463 1271 548 1334 solae
571 1273 669 1354 igitur
691 1271 777 1353 leges
800 1289 864 1333 non
889 1271 1021 1352 scriptae
1040 1268 1267 1352 significantur,
1290 1290 1355 1332 non

178 1380 297 1459 spectat
340 1383 444 1440 orator
483 1378 523 1440 ad
562 1378 645 1460 leges
689 1377 812 1439 divinas
852 1396 869 1439 a
905 1381 1018 1439 natura
1063 1377 1131 1458 ipsa
1175 1376 1355 1440 hominibus

180 1484 300 1564 insitas,
325 1502 404 1565 quas
428 1482 636 1566 Eumolpidae
658 1482 955 1566 interpretabantur.
1001 1480 1050 1545 De
1073 1482 1123 1545 his
1146 1484 1282 1566 cogitare
1306 1484 1356 1547 vel

179 1607 215 1652 eo
232 1594 384 1673 vetamur,
408 1592 492 1673 qnod
512 1611 552 1654 ne
571 1590 735 1673 attingitur
755 1590 882 1672 quidem
901 1591 933 1651 in
955 1588 1136 1653 defensione
1154 1590 1353 1654 sacerdotum

179 1715 293 1759 nomen
318 1699 483 1781 nequead
508 1717 616 1761 eorum
640 1698 784 1761 instituta
807 1697 967 1760 alluditur.

269 1803 432 1868 Postremo
465 1806 615 1872 nimirum
649 1803 726 1867 Zutt
758 1804 879 1887 aliquid
912 1803 1104 1884 observavit,
1138 1805 1222 1887 quod
1253 1805 1355 1888 primo

182 1910 294 1974 obtutu
318 1913 492 1976 sententiae
516 1913 583 1974 eius
608 1912 646 1974 de
669 1913 810 1975 oratione
833 1931 907 1975 vere
930 1910 1036 1974 habita
1059 1911 1164 1974 favere
1187 1912 1321 1975 videtur.

271 2017 286 2080 I
311 2019 352 2080 29
376 2019 526 2102 leguntur
549 2019 625 2081 haec

272 2125 326 2188 καὶ
351 2116 415 2208 γὰρ
439 2121 471 2188 oi
495 2119 589 2208 λόγοι
613 2132 683 2188 τῶν
701 2118 908 2207 κατηγόρων,
933 2120 965 2186 οἱ
988 2130 1094 2187 ταῦτα
1118 2116 1159 2187 τὰ
1184 2116 1275 2188 δεινὰ
1299 2126 1356 2188 καὶ

180 2225 334 2315 φρικώδη
359 2225 587 2313 daupeinins,
611 2232 668 2294 καὶ
692 2226 812 2314 λόγους
837 2225 934 2294 εἷπον
958 2224 1005 2308 ὡς
1034 2215 1205 2316 ,πρότερον
1230 2226 1356 2317 ἑτέρων

181 2331 405 2421 ἁμαρτόντων
444 2340 500 2402 καὶ
538 2329 776 2423 ἀσεβησάντων
812 2339 888 2420 περὶ
927 2329 976 2400 τα)
1014 2330 1087 2401 ilaei
1126 2333 1181 2402 oia
1217 2334 1357 2415 ἕκαστος

179 2437 295 2509 αὐτῶν
320 2441 428 2509 ’ἔπαθε
453 2447 509 2509 καὶ
534 2441 726 2529 ἐτιμωρήθη
750 2484 790 2491 -
810 2440 945 2509 τούτων
969 2434 1031 2509 οὖν
1055 2445 1126 2530 ἐμοὶ
1151 2453 1223 2510 τῶν
1244 2442 1355 2530 λόγων

177 2550 200 2636 ἢ
224 2543 294 2616 τῶν
319 2548 426 2634 ἔργων
450 2552 482 2615 τί
505 2547 685 2636 specularem

266 2658 315 2722 De
338 2661 387 2722 his
410 2660 591 2723 Andocides
614 2659 693 2722 nihil
722 2661 914 2742 pronuntiat,
943 2665 1051 2723 contra
1081 2662 1114 2723 in
1138 2660 1355 2742 Ps-Lysiecae

180 2765 309 2828 exordio
333 2766 410 2830 haec
434 2772 560 2830 exstant

269 2866 362 2956 ἔδησε
392 2866 453 2936 τὸν
482 2870 589 2936 ἵππον
614 2871 650 2936 ἐκ
679 2880 740 2937 τοῦ
764 2868 916 2957 ῥόπτρου
939 2880 1003 2936 τοῦ
1032 2870 1134 2956 ἱεροί,
1163 2865 1208 2949 ὡς
1237 2865 1389 2938 ἄποδα.

180 2973 267 3055 δούς,
291 2985 332 3059 τῇ
352 2970 387 3042 ‹l’
407 2975 547 3060 ἐπιούσῃ
567 2980 663 3043 νυκτὶ
687 2971 852 3060 bertreae.
887 2968 987 3055 οὗτος
1008 2967 1070 3042 οὖν
1092 2971 1109 3042 ὃ
1129 2987 1235 3043 ταῦτα
1258 2975 1353 3062 ποιή-

181 3100 239 3159 σας
266 3079 405 3168 θανάτῳ
431 3093 479 3168 τῷ
505 3077 650 3168 (ίίγίστον
671 3078 838 3165 cimoliam,
862 3091 954 3169 λιμῷ.

268 3191 340 3254 Non
365 3192 498 3255 dubium
523 3199 570 3257 est
594 3196 670 3277 quin
695 3195 744 3256 his
769 3194 1000 3276 quodammodo
1030 3195 1230 3257 illustrentur
1260 3193 1356 3257 verba

179 3298 381 3381 defensionis,
405 3320 501 3383 quare
526 3299 599 3363 Zutt
621 3305 712 3384 putat
735 3319 807 3364 eum
832 3303 887 3383 qui
916 3303 1088 3365 orationem
1119 3293 1190 3364 κατ’
1210 3293 1354 3366 Ἀνδοκί-

178 3405 233 3470 dov
261 3407 300 3468 ad
324 3409 462 3470 accusati
498 3407 593 3471 verba
626 3405 763 3471 effictam
797 3427 865 3471 esse
900 3409 1020 3491 credat,
1052 3413 1136 3472 certo
1168 3409 1356 3471 concludere

178 3518 320 3595 oportere
339 3513 378 3575 ab
398 3520 525 3578 auctore
549 3516 725 3578 invectivae
751 3516 832 3578 hanc
851 3515 1029 3599 parabolam
1050 3517 1261 3598 excogitatam
1280 3533 1356 3596 esse,

178 3638 250 3680 cnm
274 3620 444 3703 respiciens
468 3622 506 3684 ad
528 3621 623 3684 verba
640 3623 700 3685 ista
718 3623 907 3706 generaliter
926 3624 1008 3686 dicta
1025 3622 1041 3685 I
1060 3623 1102 3684 29
1123 3624 1355 3686 accusationem

179 3724 401 3792 conscriberet.
447 3728 490 3791 At
514 3729 575 3792 tale
599 3729 676 3811 qnid
699 3749 825 3792 sumere
849 3731 1034 3812 neutiquam
1059 3731 1211 3812 cogimur.

267 3831 353 3896 Talia
372 3835 511 3917 proferre
527 3837 559 3897 in
580 3836 757 3899 actionibus
781 3828 929 3921 ἀσεβείας
952 3839 1105 3900 institutis
1122 3855 1163 3900 ex
1181 3837 1357 3900 delatorum

178 3942 406 4006 consuetudine
434 3946 465 4006 et
493 3962 553 4005 usu
583 3943 680 4005 fuisso
714 3946 922 4025 perspicimus
951 3963 992 4006 ex
1020 3942 1129 4026 Lysia,
1161 3945 1253 4007 cuius
1281 3943 1356 4006 item

178 4048 360 4132 exemplum
393 4055 514 4132 praesto
549 4053 595 4111 cst
624 4049 706 4130 apud
736 4049 935 4112 Athenaeum
968 4048 1033 4111 XII
1061 4071 1091 4133 p.
1117 4053 1178 4113 551
1204 4050 1243 4133 D,
1272 4050 1356 4133 quod

178 4157 344 4238 usurpavit
368 4158 399 4216 in
425 4140 565 4218 oratione
588 4146 668 4242 ίαὲρ
694 4152 820 4220 Φανίου
842 4150 1045 4243 παρανόμων
1069 4156 1183 4222 habita.

269 4247 457 4343 ceteroquin
488 4280 529 4324 ex
561 4268 625 4325 tota
654 4264 774 4326 ratione
802 4282 839 4326 ac
860 4283 976 4346 genere
999 4265 1095 4328 huius
1118 4265 1296 4328 invectivae
1320 4264 1358 4326 de
