3074 4936
617 311 834 373 „27-

226 491 382 559 Vetamur
404 493 469 556 fere
492 492 540 555 bis
560 491 664 555 verbis
688 492 726 554 de
750 493 889 555 oratione
911 493 1027 556 forensi
1047 496 1199 596 cogitare,
1228 494 1310 558 Nam

137 609 172 667 ut
187 622 299 687 parum
316 600 466 665 credibile
484 604 531 663 est
547 599 789 683 subscriptorem
809 601 917 683 (quem
937 602 1118 684 loquentem
1136 604 1311 667 secundum

136 711 215 773 haec
231 709 351 792 fingere
367 710 509 791 oportet),
528 707 587 770 boc
604 708 698 770 modo
714 708 747 768 in
766 709 869 791 ipsum
890 708 1028 773 sodalem
1048 711 1155 773 invehi
1175 730 1312 794 eumque

139 816 297 880 iudicibus
320 815 475 878 nefarium
498 832 673 898 proponere
697 812 763 896 (καὶ
787 811 846 893 ἕξει
873 807 924 879 ὅτι
948 814 1068 901 λέγειν),
1096 819 1142 880 sic
1170 823 1217 882 est
1244 821 1311 882 veri

139 922 400 1002 dissimillimum,
435 941 508 984 eum
543 926 652 985 contra
679 941 714 985 se
741 923 846 1006 ipsum
873 923 949 986 talia
982 923 1078 987 verba
1110 925 1213 989 facere
1243 917 1313 991 ‘aul

136 1020 225 1116 ἡμῶν
242 1020 378 1114 ὲκάστηί
403 1033 498 1112 atque
518 1029 750 1112 quodammodo
768 1047 887 1112 poenae
906 1031 1011 1114 ipsum
1030 1050 1063 1094 se
1082 1033 1310 1096 commendare.

137 1134 249 1220 Neque
273 1137 486 1220 sycophantae
509 1155 546 1198 ac
569 1135 701 1200 delatori
724 1137 864 1200 veritatis
888 1137 1028 1200 studium
1045 1143 1207 1222 tantopere
1226 1141 1312 1204 cordi

136 1242 234 1306 fuisse
268 1247 462 1327 quantopere
494 1243 673 1306 exclamant
705 1243 801 1307 verba
827 1238 868 1308 τὰ
896 1239 957 1331 γὰρ
984 1237 1094 1333 ἀληθῆ
1123 1241 1181 1333 χρηΙ
1213 1246 1313 1332 λέγειν
1349 1228 1359 1289 f

137 1349 334 1414 concedetur.

227 1455 297 1532 Quo
326 1458 446 1520 accedit
478 1457 562 1541 quod
592 1456 757 1540 Cephisius
786 1463 949 1522 accusator
975 1460 1144 1542 primarius
1172 1466 1251 1543 erat,
1274 1464 1311 1524 'in

136 1564 295 1627 invectiva
317 1565 345 1627 is
369 1565 424 1648 qui
447 1564 536 1648 loqui
560 1565 668 1638 fertur,
691 1566 767 1627 item
792 1565 957 1629 delationis
976 1567 1187 1650 principatum
1208 1573 1313 1632 tenere

137 1671 263 1734 videtur
295 1672 470 1734 secundum
504 1673 522 1752 ξ
549 1673 589 1733 19
621 1672 674 1734 ἵνα
699 1721 706 1733 .
728 1721 763 1734 ..
798 1669 853 1735 εἰεί
886 1673 924 1759 τῇ
956 1670 1014 1757 s‘pq'v
1048 1669 1213 1760 προφάσει
1246 1669 1323 1763 δῴη

136 1774 227 1867 δίκην
250 1779 298 1859 (cf.
323 1778 406 1841 And.
431 1799 458 1862 p.
483 1777 517 1840 X
541 1798 570 1840 n.
595 1780 648 1859 35)
673 1780 762 1860 quasi
788 1777 952 1862 Cephisius
976 1780 1132 1863 loquatur,
1160 1783 1192 1844 in
1218 1801 1311 1865 quern

137 1890 241 1949 tamen
266 1887 284 1966 ξ
308 1887 350 1947 42
375 1887 450 1948 talia
473 1886 616 1948 convicia
638 1886 746 1948 iactat!

225 1992 324 2056 Porro
354 1993 552 2077 aliquantum
581 1998 628 2055 est
650 1994 768 2055 mirum
788 1993 985 2057 Andocidem
1009 2013 1046 2058 eo
1078 1997 1146 2059 loco
1178 2015 1240 2078 quo
1265 2015 1312 2059 re-

136 2119 210 2184 apse
238 2092 477 2187 ἄνεικαιηηορεῖ
506 2096 669 2187 Κηφισίου
698 2101 716 2180 ἓ
741 2102 796 2181 92,
824 2120 887 2164 non
918 2101 956 2164 ad
987 2101 1065 2164 baec
1093 2101 1189 2165 verba
1227 2103 1311 2180 §42

136 2208 278 2270 animum
308 2206 478 2272 advertere.
525 2206 560 2270 Si
588 2208 670 2269 eninr
696 2226 732 2269 ea
755 2209 786 2269 in
813 2209 989 2271 accusando
1017 2211 1221 2291 pronuntiata
1245 2228 1313 2272 esse

137 2316 344 2396 suspicamur,
367 2333 431 2376 non
456 2314 558 2377 solum
582 2320 802 2398 exspectamus
821 2315 874 2377 sed
896 2318 1046 2398 tanquam
1066 2315 1255 2398 flagitatum,
1278 2320 1313 2379 ut

135 2439 209 2483 rens
232 2421 265 2483 in
289 2440 323 2484 se
347 2420 542 2484 defendendo
565 2440 606 2484 ne
633 2422 774 2504 negligat
802 2422 1009 2485 contumelias
1037 2422 1107 2485 illas
1135 2421 1174 2484 ab
1202 2422 1312 2485 adver-

137 2528 219 2591 sario
239 2526 383 2610 Cephisio
406 2548 443 2590 ac
466 2527 526 2591 sibi
550 2529 610 2611 ipsi
633 2529 771 2612 ingestas
789 2528 949 2591 iudicibus
967 2530 1000 2591 in
1021 2530 1204 2592 memoriam
1223 2548 1313 2592 revo-

136 2653 215 2717 care,
239 2637 355 2720 quippe
379 2654 461 2719 quae
484 2640 588 2719 aptam
610 2635 796 2718 praeberent
818 2635 999 2699 facultatem
1019 2637 1158 2699 invidiae
1176 2637 1208 2698 in
1229 2635 1312 2699 dela·
1385 2714 1387 2718 .

136 2746 218 2805 tores
252 2743 459 2806 suscitandae.
510 2742 616 2805 Verba
644 2742 763 2806 scilicet
791 2743 926 2825 legimus
955 2744 973 2823 ξ
998 2745 1039 2805 42
1068 2728 1112 2807 ὧν
1140 2728 1230 2820 οἶτος
1261 2744 1314 2807 νῦν

135 2837 350 2936 μεμνήσεται,
387 2868 468 2932 quae
501 2851 592 2933 quasi
633 2854 783 2913 revocant
817 2850 855 2912 ad
892 2852 1034 2913 accusati
1072 2850 1177 2913 locum
1214 2851 1312 2914 illum.

135 2956 285 3019 Attamen
310 2975 352 3019 ex
375 2956 430 3019 tali
453 2955 541 3019 brevi
565 2957 768 3020 annotatione
792 2962 828 3020 ut
850 2958 1044 3021 coniciamus
1067 2964 1226 3022 auctorem
1247 2958 1313 3023 Ps-

135 3061 285 3144 Lysiacac
326 3065 479 3126 rationem
519 3063 666 3127 habuisse
701 3064 875 3128 Andocidis
915 3065 1070 3129 dictorum
1110 3084 1312 3149 nequaquam

135 3170 337 3250 adducimur,
370 3172 562 3248 contrarium
591 3172 695 3254 potius
727 3172 847 3255 opinati
877 3173 985 3236 simus.
1037 3172 1098 3236 Sed
1127 3173 1186 3234 bac
1214 3173 1252 3235 de
1280 3191 1314 3235 re

134 3277 298 3360 postmodo
323 3276 435 3361 (cipli
480 3276 634 3353 Quocirca
658 3298 731 3341 cum
754 3298 859 3363 neque
877 3285 1096 3343 accusatorum
1120 3298 1312 3363 quemquam

134 3384 173 3447 de
198 3403 231 3446 se
257 3385 306 3447 'sic
330 3386 613 3449 sermocinaturum
645 3405 712 3449 esse
736 3387 819 3470 apud
848 3387 968 3449 iudices
997 3386 1245 3450 existimandum
1274 3387 1314 3449 sit

135 3509 272 3573 cumque
300 3509 373 3553 reus
405 3492 438 3552 in
463 3491 645 3554 defensione
668 3493 722 3554 illa
745 3513 808 3556 non
839 3497 959 3576 urgeat,
988 3492 1241 3556 concludendum
1267 3497 1314 3554 est

135 3616 259 3660 summa
282 3617 354 3660 cum
378 3596 611 3681 probabilitate,
639 3619 701 3663 non
726 3601 759 3662 in
788 3600 905 3663 iudicio
934 3600 1014 3662 banc
1049 3600 1222 3663 orationem
1246 3617 1314 3662 esse

135 3703 281 3767 habitam.

224 3811 423 3896 Subiungam
448 3814 544 3876 aliud.

222 3920 301 3983 Inde
335 3942 354 3984 a
392 3922 476 4002 §51
516 3920 621 4004 prodit
653 3927 829 4002 accusator,
867 3926 1022 3985 oratorem
1055 3922 1213 3983 imitatum
1246 3938 1313 3982 esse

133 4028 284 4104 mysteria
306 4014 397 4104 οἶτος
420 4022 480 4114 γάρ
503 4023 590 4104 iveta
613 4023 727 4092 orella
750 4053 777 4092 κ.
797 4053 821 4092 ι.
842 4028 870 4091 λ.
893 4034 923 4091 et
952 4033 1120 4113 postquam
1144 4027 1313 4090 illustravit

134 4129 223 4207 illam
249 4132 441 4214 impietatem
465 4137 511 4196 sic
533 4137 635 4218 pergit

223 4237 280 4298 καὶ
309 4234 364 4299 ἐπὶ
393 4235 526 4315 τούτοις
556 4237 671 4324 ἱέρειαι
699 4242 756 4304 καὶ
785 4239 882 4324 ἱερεῖς
912 4236 1051 4315 στάντες
1076 4234 1312 4324 κατηράσαντο
