3074 4936
661 281 879 342 ..24-

182 459 329 525 aZuttio
357 480 464 545 pressa
492 478 633 525 numere.
679 458 741 522 Hic
770 459 931 522 contendit
959 454 998 544 (p.
1023 459 1077 540 29)
1102 477 1119 520 e
1142 459 1162 537 ξ
1185 459 1228 520 40
1262 479 1355 541 appa-

181 588 263 650 rere,
293 567 557 631 Lacedaemonios
586 585 696 629 curare
727 565 851 628 foedera
874 566 1036 629 servanda.
1081 564 1156 626 Tale
1180 565 1353 648 quidquam

182 681 286 738 autem
306 674 371 737 illic
387 674 524 738 inveniri
540 692 597 758 ego
614 673 740 756 quidem
759 673 948 755 negaverim.
984 671 1046 734 Per
1061 672 1237 734 irrisionem
1255 691 1355 754 quan-

182 783 253 845 dam
277 785 400 846 tantum
424 782 643 864 interrogatur,
666 799 745 843 num
764 778 1002 842 Lacedaemonii
1026 779 1087 861 ipsi
1106 778 1264 841 Andocidi
1282 798 1353 862 pro-

180 889 326 952 viderint.

274 995 386 1078 Neque
416 994 518 1057 eidem
547 995 692 1056 assentiri
718 1012 848 1078 possum
877 992 1060 1073 affirmanti,
1093 993 1111 1073 ξ
1136 992 1176 1054 33
1207 991 1245 1053 de
1275 994 1353 1076 opti-

182 1103 315 1166 matium
339 1119 472 1163 censura
494 1101 527 1164 iu
552 1100 787 1184 magistratibus
807 1100 988 1183 appetendis
1008 1117 1173 1162 sermonen
1195 1117 1270 1162 esse.
1305 1096 1353 1162 De

180 1207 383 1292 optimatibus
410 1208 462 1270 hic
488 1226 617 1291 prorsus
645 1208 724 1269 nihil
753 1207 882 1289 dicitur,
910 1205 1068 1270 Andocidi
1097 1205 1221 1268 crimini
1249 1204 1352 1285 datur,

180 1316 264 1398 quod
287 1312 425 1401 ἐιιιιιμᾷ
449 1311 506 1377 καὶ
529 1305 761 1397 ἀποδοκιμάζει
784 1313 848 1377 τῶν
872 1305 1036 1400 ἀρχόντων
1058 1308 1150 1377 auria.

269 1423 317 1484 Ac
340 1439 381 1483 ne
405 1421 424 1501 ἓ
451 1420 468 1481 7
498 1421 625 1502 quidem
654 1440 712 1483 nos
741 1420 878 1503 delegari
906 1421 939 1482 in
967 1421 1032 1484 litis
1063 1426 1195 1483 aetatem
1227 1439 1353 1483 conces·

180 1530 283 1593 serim.
332 1526 393 1590 Ubi
418 1526 553 1590 Graecos
576 1527 616 1590 ad
639 1527 849 1590 Athenienses
873 1527 980 1590 oculos
1004 1527 1196 1590 convertisse
1219 1526 1354 1589 indicari

181 1637 208 1699 si
235 1635 355 1698 iudices
383 1635 536 1717 sapientia
564 1638 728 1697 uterentur
758 1638 1001 1717 exspectaturos.
1047 1632 1117 1697 Hoc
1140 1653 1195 1716 per
1218 1634 1352 1696 auxesin

181 1743 348 1805 oratoriam
372 1741 599 1823 proclamatum
623 1746 678 1822 est,
702 1759 800 1824 quare
822 1741 856 1803 in
880 1740 984 1805 verbis
1007 1741 1070 1804 illis

270 1838 356 1912 ὥστε
384 1837 429 1930 μὰ
460 1847 519 1910 Δία
544 1837 585 1910 οὗ
609 1840 729 1933 ῥᾴδιόν
753 1844 843 1910 ἐστιν
868 1839 946 1930 ὑμῖν
976 1839 1068 1928 αὐτῷ
1098 1837 1198 1911 οὐδὲν
1220 1867 1352 1931 perproc-

179 1954 301 2038 μένους
324 1944 415 2036 παρὰ
439 1947 483 2017 rd
511 1953 641 2016 δίκαιον
666 1957 786 2018 λαθεῖν
809 1944 887 2029 τοὺς
905 1946 1062 2039 Ἕλληνος

184 2061 342 2144 quomodo
367 2061 517 2123 indicium
543 2061 623 2123 adsit
646 2060 849 2145 computandi
872 2063 1021 2144 temporis
1045 2081 1108 2124 non
1130 2063 1292 2145 perspicio.

269 2167 349 2231 Item
378 2186 394 2230 e
423 2168 463 2248 ἓξ
493 2168 522 2230 8,
553 2168 580 2233 9.
606 2168 655 2230 10.
683 2168 846 2251 perlucere
874 2168 1055 2251 ambiguam
1085 2169 1188 2250 legum
1217 2170 1353 2232 condici-

181 2293 273 2338 onem
296 2273 451 2337 infitiatus
474 2275 542 2337 sim.
578 2273 618 2355 Iu
644 2293 680 2338 eo
704 2276 790 2357 quod
812 2293 886 2338 reus
910 2276 974 2337 vim
998 2274 1148 2358 abrogare
1173 2276 1295 2339 decreto
1319 2277 1352 2337 in

180 2384 285 2466 ipsum
307 2381 370 2444 lato
395 2381 510 2444 dicitur

270 2477 356 2551 ὥστε
381 2486 468 2570 λέγει
496 2488 574 2570 περὶ
598 2495 659 2551 τοῦ
684 2482 790 2570 νόμον
816 2481 861 2563 (ὃς
889 2482 1079 2572 καθῄρηται
1103 2480 1121 2550 d
1147 2490 1223 2572 aspi
1247 2480 1354 2552 adrui)

136 2650 138 2653 .
182 2595 333 2677 κείμενος

270 2702 347 2763 nibil
376 2703 408 2764 id
436 2722 537 2785 genus
565 2704 721 2786 reperitur
749 2703 897 2786 quodque
925 2708 1087 2766 accusator
1115 2703 1270 2786 perbibet,
1297 2707 1353 2766 aut

180 2809 265 2890 leges
294 2810 494 2892 exstinguere
523 2814 665 2894 oportere
693 2817 749 2874 aut
776 2810 885 2873 tollere
913 2809 1067 2873 nefarium
1096 2812 1192 2873 istum
1220 2828 1261 2872 ex
1283 2811 1352 2893 ipso

181 2916 349 2977 accusandi
372 2935 488 2999 genere
511 2907 695 2981 declaratur

269 3021 367 3085 Porro
402 3024 420 3103 ξ
452 3025 493 3086 14
526 3024 718 3107 Areopagus¹
749 3044 941 3107 quamquam
975 3024 1122 3087 laudibus
1155 3023 1284 3087 effertur
1316 3027 1353 3085 ut

180 3129 403 3212 gravissimum
427 3136 457 3192 et
480 3131 776 3194 innocentissimum
799 3131 961 3212 iudicium,
984 3136 1089 3195 tamen
1113 3151 1185 3195 eum
1208 3124 1353 3217 φιλο-κήν

180 3236 242 3299 τῶν
265 3229 372 3319 νόμιον
395 3236 510 3300 habere
527 3237 601 3300 inde
620 3237 766 3320 colligere
786 3257 855 3301 mea
874 3239 1001 3320 quidem
1021 3239 1168 3320 opinione
1187 3258 1249 3300 uon
1270 3237 1352 3319 licet,

180 3343 258 3404 nihil
277 3345 477 3426 perspicuum
496 3363 564 3408 esse
584 3345 708 3407 videtur
727 3346 788 3408 nisi
807 3364 889 3426 eum,
914 3347 968 3427 qui
988 3346 1177 3408 invectivam
1193 3346 1350 3426 conscrip-

179 3450 232 3530 sit,
276 3452 381 3513 animo
413 3471 568 3535 propenso
600 3452 698 3516 fuisse
728 3453 761 3515 iu
794 3452 893 3516 illum.
945 3450 1015 3527 Qua
1048 3453 1086 3515 de
1120 3470 1154 3514 re
1187 3450 1351 3535 postmodo

179 3556 333 3620 nonnulla
356 3561 557 3641 expositurus
580 3579 660 3622 sum.

271 3663 333 3726 Sed
356 3670 514 3748 postremo
538 3686 602 3729 non
625 3667 899 3750 praetermiserim,
927 3685 1008 3750 quae
1039 3666 1113 3728 inde
1144 3686 1162 3728 a
1193 3666 1211 3745 ξ
1236 3665 1278 3726 24
1307 3665 1351 3727 le-

178 3770 291 3851 gimus.
325 3770 403 3835 Tota
425 3774 490 3836 vita
508 3773 683 3838 Andocidis
707 3773 751 3837 ibi
775 3773 981 3837 adumbratur
1004 3791 1100 3836 exeo
1120 3776 1351 3854 tenrporecum

179 3873 483 3958 Hermocopidarum
506 3898 600 3942 causa
624 3884 749 3962 peracta
771 3898 827 3962 per
844 3877 1016 3942 Isotimidis
1040 3877 1199 3940 decretum
1220 3877 1288 3940 iure
1308 3877 1351 3939 ci-

179 3983 284 4045 vitatis
313 4001 354 4045 ex
381 3988 469 4067 parte
497 3985 624 4048 orbatus
653 3991 707 4049 est.
759 3984 840 4046 Nam
869 3985 962 4047 etiam
992 3983 1118 4066 singula
1146 3984 1204 4046 etsi
1228 3984 1352 4046 concise

179 4108 214 4151 ac
233 4088 369 4153 breviter
388 4110 429 4154 ex
447 4092 501 4154 illa
520 4093 698 4155 narratione
717 4093 946 4174 cognoscimus.
982 4090 1091 4153 Fimus
1111 4091 1258 4152 certiores
1278 4109 1351 4152 eum

178 4194 236 4258 sub
261 4197 563 4280 quadringentorum
589 4201 743 4282 regimine
766 4218 849 4262 anno
868 4200 932 4289 All
955 4199 1093 4281 primum
1116 4198 1233 4260 frustra
1257 4214 1351 4258 cona-
