3074 4936
776 348 995 413 ..18-

297 525 494 589 Andocidem
518 528 601 590 enirn
626 527 708 590 inter
729 526 901 589 ditissimos
920 527 1005 590 cives
1024 526 1121 591 fuisse
1139 529 1285 611 pluribus
1304 533 1472 594 momentis

298 634 500 718 perspicuum
521 633 565 699 fit.

386 740 439 804 14
462 741 530 824 ipse
553 740 671 803 indicat
694 758 727 803 se
753 759 814 803 non
841 759 877 804 ea
900 739 1033 804 deficere
1057 760 1139 823 quae
1162 743 1202 805 ad
1227 743 1345 806 victum
1364 763 1472 808 neces-

298 848 380 911 saria
403 849 467 911 sint

387 939 412 1038 ητ
441 949 541 1031 ἔξεστι
564 949 622 1035 μὲν
653 945 838 1018 ἀπελθόντι
866 951 1012 1017 ἐντεῦθεν
1042 950 1122 1034 ἔχειν
1151 948 1260 1019 πάντα
1289 952 1330 1020 τά
1360 952 1472 1045 ἐπιτη-

297 1060 381 1138 δεια,
415 1055 484 1122 ἔστι
515 1056 552 1122 δὲ
584 1051 757 1125 πλεύσαντι
789 1057 836 1137 εἰς
867 1053 1000 1147 Κόπρον
1035 1053 1177 1147 ὅθενπερ
1200 1053 1269 1147 ἥκει
1298 1063 1336 1147 γη
1368 1061 1472 1133 πολλδ

297 1163 353 1229 καὶ
377 1157 489 1252 ἀγαθὴ
513 1163 664 1254 δεδομένη
687 1163 720 1231 ἐν
743 1167 860 1254 δωρειᾷ
882 1158 1079 1254 δπάρχουοοι.

386 1271 485 1334 Porro
517 1291 558 1335 ex
592 1273 660 1337 vita
693 1277 763 1357 post
798 1273 933 1337 reditum
962 1274 1030 1337 eius
1060 1274 1220 1357 opulentia
1248 1279 1341 1356 patet.
1388 1273 1470 1337 Nam

296 1378 487 1462 fungebatur
505 1379 691 1444 muneribus
708 1380 906 1463 quibusdam,
930 1380 968 1442 ad
989 1399 1069 1463 quae
1089 1380 1337 1444 administranda
1357 1379 1471 1463 opibus

299 1486 482 1568 divitiisque
521 1486 690 1570 indigebat.
741 1486 812 1571 Ipse
840 1486 855 1549 l
888 1487 949 1550 132
984 1505 1017 1550 se
1054 1488 1198 1568 liturgias
1234 1487 1349 1567 obisse,
1382 1507 1473 1569 gym-

298 1594 453 1656 nasiarchi
476 1595 637 1677 provincia
658 1594 803 1657 functum
827 1613 894 1657 esse
918 1599 948 1657 et
971 1595 1103 1657 missum
1127 1594 1167 1657 ad
1186 1594 1278 1656 ludos
1299 1593 1467 1657 Isthmicos

298 1698 543 1783 Olympioosquo
565 1701 725 1784 gloriatur.
771 1698 884 1783 Neque
907 1699 1006 1762 multo
1029 1704 1101 1782 post
1128 1700 1216 1764 litem
1245 1701 1283 1764 de
1311 1702 1472 1783 mysteriis

297 1809 454 1889 peractam
482 1825 554 1870 eum
587 1807 749 1870 victoriam
783 1809 957 1891 reportasse
985 1804 1148 1887 Dionysiis
1176 1826 1346 1890 puerorum
1379 1808 1474 1870 choro

297 1912 407 1995 cyolio,
426 1914 517 1977 cuius
533 1913 631 1976 falsus
648 1912 838 1976 Plutarchus
858 1931 985 1995 quoque
1003 1914 1196 1978 mentionem
1212 1913 1287 1977 facit
1303 1914 1342 1997 (p.
1354 1915 1418 1977 835
1432 1910 1472 1999 Β)

296 2018 359 2083 fide
381 2019 465 2083 tituli
488 2023 610 2083 constat
634 2017 720 2100 (OIA
743 2018 776 2081 II
800 2019 886 2102 553).
933 2019 1099 2084 Praeterea
1122 2039 1155 2084 se
1178 2023 1373 2104 propositum
1404 2040 1473 2084 esse

298 2126 337 2189 ad
361 2146 478 2189 munus
502 2126 676 2208 quaestoris
700 2127 779 2189 sacri
803 2127 916 2190 aerarii
938 2127 1005 2209 ipse
1027 2126 1170 2210 perhibet
1193 2127 1209 2190 Ι
1235 2129 1333 2210 1321)

387 2231 503 2296 Contra
525 2234 602 2297 haec
625 2233 747 2297 nullius
769 2233 918 2318 ponderis
941 2238 1017 2296 sunt
1040 2233 1136 2297 verba

387 2331 406 2427 ὴ
429 2337 464 2404 δὲ
487 2331 579 2405 οὐσία
604 2331 699 2406 οιότοῖ
723 2333 863 2405 ε’λάττων
886 2335 922 2404 ἐκ
944 2340 1008 2405 τῶν
1029 2333 1181 2406 κινδύνων
1204 2338 1322 2427 γίνεται

387 2466 468 2530 quae
491 2466 565 2510 cum
589 2445 831 2530 amplificatione
854 2448 1008 2511 rhetorica
1036 2453 1187 2532 usurpata
1216 2467 1284 2513 esse
1312 2450 1475 2528 videntur,

296 2555 358 2617 nisi
381 2554 460 2617 forte
483 2553 637 2616 invidiose
660 2556 862 2636 pronuntiata
885 2573 921 2617 ea
951 2573 1019 2618 esse
1045 2555 1232 2619 iudicamus,
1279 2554 1328 2618 De
1357 2556 1476 2639 quibus
1517 2557 1519 2559 ’

297 2661 380 2724 infra
403 2659 523 2743 aliquid
547 2660 668 2722 addam.

388 2765 511 2842 Quibus
534 2766 699 2850 explicatis
722 2767 761 2830 de
784 2766 959 2830 Andocidis
981 2767 1167 2832 muneribus
1191 2769 1296 2832 statim
1321 2770 1476 2853 adiunga-

300 2893 371 2936 mus
395 2872 464 2938 alia.
1147 2889 1150 2894 ·
1195 2874 1196 2877 ’

390 2982 409 3062 ξ
432 2982 472 3043 33
498 2982 622 3043 crimini
646 2979 797 3043 tribuitur
819 2998 882 3061 reo,
906 2981 991 3063 quod
1017 2980 1243 3064 rempublicam
1273 2984 1477 3063 capessiverit

301 3089 564 3170 contionatusque
587 3087 789 3171 magistratus
812 3088 986 3151 reiciendos
1014 3089 1171 3151 curaverit
1194 3092 1224 3151 et
1247 3093 1375 3152 senatus
1404 3107 1475 3152 coe-

300 3195 386 3258 tibus
410 3194 594 3258 interfuerit.

386 3303 404 3381 ξ
429 3302 469 3362 33
495 3289 581 3363 obora
605 3301 662 3363 καὶ
685 3294 975 3383 παρασκευάζεται
994 3291 1035 3365 τὰ
1053 3292 1210 3364 πολιτικά
1230 3295 1391 3382 πράττειν
1411 3302 1470 3361 καὶ

297 3399 359 3492 ἥδη
388 3408 568 3492 δημηγορεῖ
595 3408 651 3470 καὶ
680 3406 814 3494 ἐπιτιμᾷ
843 3408 900 3470 καὶ
930 3398 1171 3490 ἀποδοκιμάζει
1198 3412 1269 3469 τοῖν
1298 3397 1475 3487 ἀρχόντων
1518 3386 1523 3394 ’

297 3515 372 3592 τισί,
397 3516 454 3578 καὶ
478 3510 699 3606 συμβουλεύει
722 3513 767 3590 εἰς
790 3506 852 3599 την
871 3507 998 3599 βουλὴν
1019 3505 1134 3579 εἰσιών
1157 3514 1234 3595 περὶ
1259 3519 1392 3577 θυσιῶν
1416 3512 1474 3575 καὶ

298 3614 481 3701 προσόδων
505 3622 559 3710 κοιλ
586 3612 695 3705 εὐχῶν
718 3622 774 3684 καὶ
797 3627 974 3704 μαντειῶν.

386 3727 546 3813 Imprimis
570 3730 776 3812 premendum
799 3748 867 3793 esse
890 3730 1025 3794 arbitror
1046 3729 1127 3791 illud

386 3831 522 3924 ἐπιτιμᾷ
545 3834 602 3901 κοιλ
625 3828 858 3920 ἀποδοκιμάζει
880 3836 943 3900 τῶν
966 3827 1129 3923 ἀρχόντων
1152 3830 1228 3897 τισί.

387 3941 488 4018 Quem
512 3945 730 4027 magistratum
753 3945 895 4006 reiecerit
917 3962 982 4006 non
1011 3942 1230 4025 comperimus,
1259 3960 1362 4022 neque
1391 3941 1477 4002 enim

297 4051 477 4114 Andocides
505 4050 563 4114 hoc
592 4053 825 4114 commemorat.
877 4050 921 4112 At
956 4049 1064 4113 fiotum
1096 4049 1158 4112 tale
1194 4048 1271 4131 quid
1304 4066 1385 4129 esse,
1420 4067 1478 4109 cur

388 4280 407 4348 ¹)
427 4281 461 4333 ci.
482 4280 588 4350 Lipsius
607 4280 627 4336 l.
646 4280 664 4334 l.
683 4297 707 4349 p.
727 4279 755 4334 X
774 4297 800 4333 n.
820 4279 862 4333 32.
