3074 4936
654 303 874 366 ..23-

178 486 211 547 in
236 490 323 548 tanto
346 484 486 569 periculo
510 483 708 547 Andocidem
730 503 916 547 mansurum
940 483 1037 547 fuisse
1065 483 1303 567 arbitrabimur,
1327 484 1354 547 si

179 594 208 656 ei
230 596 367 677 potestas
391 592 464 654 data
487 595 577 672 esset,
600 592 650 654 sui
678 589 853 654 liberandi?
901 587 985 665 Quid
1011 591 1109 674 igitur
1136 591 1253 655 restat?
1299 592 1353 655 Nil

179 701 240 763 nisi
264 704 300 763 ut
323 705 498 762 statuamus
522 699 573 761 hic
596 699 647 781 agi
671 698 710 760 de
734 696 856 762 duabus
874 697 1001 780 litibus,
1031 698 1148 781 quibus
1174 698 1353 782 implicatus

178 809 220 871 sit
238 811 353 887 orator;
385 806 482 870 altera
500 804 696 890 significatur
719 804 824 869 verbis
847 801 882 884 ἐξ
903 801 1059 892 ἐπιβολῆς
1081 800 1241 886 εἶςαχβείς
1264 825 1353 869 oum·

180 934 243 997 qua
266 914 327 976 alia
354 913 550 977 vinciendi
573 932 668 977 causa
691 912 857 976 statuenda
880 914 921 976 eit
944 911 994 995 (cf.
1018 913 1102 975 And.
1128 909 1212 976 VIII
1236 932 1266 975 n.
1293 913 1354 996 18),

147 1107 148 1110 Ἴ
178 1021 350 1084 referemus
381 1039 430 1101 ea,
463 1038 544 1103 quae
573 1020 647 1083 exin
672 1020 690 1101 ᾗ
715 1021 756 1082 23
785 1019 921 1102 legimus
949 1018 988 1081 ad
1018 1020 1175 1082 actionem
1203 1019 1290 1082 illam
1315 1018 1353 1082 de

178 1127 305 1190 Hermis
328 1129 481 1190 truncatis
504 1128 691 1190 institutam.
738 1125 826 1201 Quae
849 1124 991 1189 contusio
1015 1126 1077 1189 nisi
1100 1127 1248 1190 consulto
1271 1126 1354 1190 facta

179 1239 225 1299 est
248 1235 287 1299 ab
312 1234 500 1316 adversario,
523 1234 597 1297 inde
621 1253 748 1317 quoque
772 1234 960 1317 explanatur
979 1233 1062 1316 quod
1078 1233 1151 1317 plus
1169 1231 1234 1294 XV
1254 1252 1354 1297 annos

181 1343 417 1424 praeterierunt.
463 1339 511 1404 De
539 1342 625 1404 vocis
652 1336 810 1428 ἐπιβολῆς
836 1341 1015 1424 iutegritate
1038 1339 1190 1404 dubitatio
1219 1341 1354 1404 existere

180 1467 243 1510 non
267 1452 370 1532 potest
393 1449 512 1532 opinor,
539 1448 687 1511 facillime
710 1453 815 1510 autem
839 1448 956 1510 codicis
979 1446 1156 1530 corruptela
1179 1443 1355 1533 ἐπιβουλῆς

178 1553 373 1638 intelligitur,
396 1574 468 1618 cum
492 1555 555 1636 ille,
579 1555 637 1638 qui
659 1555 745 1638 legit,
769 1555 896 1618 notione
919 1551 1073 1641 ἐπιβολῆς
1095 1573 1158 1617 non
1187 1560 1350 1639 perspecta
1421 1629 1423 1632 ς

177 1680 287 1724 vocem
309 1663 498 1726 immutaret.
754 1651 758 1656 ’

268 1767 319 1829 Ex
337 1773 402 1830 tota
420 1769 599 1831 narratione
619 1767 806 1831 concludere
823 1767 917 1831 licere
936 1786 1006 1830 reor
1022 1786 1073 1830 res
1090 1768 1141 1830 hic
1157 1768 1253 1849 tangi,
1273 1785 1354 1851 quae

180 1873 333 1937 ambobus
361 1880 454 1939 notae
481 1874 578 1937 tuisse
605 1874 754 1937 videntur
781 1880 812 1937 et
839 1875 868 1937 ei
892 1875 947 1957 qui
971 1868 1145 1938 orationem
1168 1874 1353 1956 conscripsit

179 1985 209 2043 et
235 1981 275 2043 iis
304 1982 359 2063 qui
388 1982 464 2044 haec
492 1982 587 2045 verba
616 1981 814 2045 audiverunt.
860 1980 913 2045 Sic
942 1999 1022 2064 quae
1050 1985 1176 2045 exstant
1199 1981 1237 2044 de
1261 1999 1351 2043 servo

182 2082 210 2151 εἰ
227 2082 271 2174 μὴ
291 2085 455 2176 παραδοίη
474 2083 535 2153 οόν
552 2079 752 2153 ἀκόλουθον·
771 2075 805 2153 εὖ
824 2088 852 2152 d’
872 2082 944 2176 ῆόει
962 2080 998 2152 οὗ
1016 2082 1227 2175 δυνησόμενος
1244 2110 1354 2172 παρα-

178 2193 299 2273 δοῦναι,
321 2195 379 2258 etsi
398 2195 529 2257 dubium
550 2199 597 2259 est
614 2214 731 2259 verane
750 2197 814 2258 sint
833 2195 925 2275 (conf.
945 2194 1029 2257 And.
1049 2193 1065 2256 I
1085 2192 1139 2277 64)
1159 2199 1263 2257 tamen
1280 2194 1353 2257 inde

178 2320 326 2383 apparere
357 2302 492 2384 videtur,
520 2303 603 2365 inter
631 2304 716 2367 cives
743 2303 802 2365 hac
830 2302 868 2364 de
890 2320 926 2364 re
949 2302 1160 2384 suspici0nem
1184 2302 1348 2364 exstitisse.

178 2408 330 2470 Alienum
347 2413 451 2472 autem
468 2412 515 2471 est
530 2408 568 2470 ab
582 2410 668 2470 omni
680 2408 964 2490 verisimilitudine,
979 2408 1184 2491 posteriorem
1195 2408 1350 2470 rhetorem

179 2516 234 2596 qui
262 2516 312 2577 sui
340 2516 508 2578 exercendi
536 2535 632 2579 causa
660 2517 891 2579 accusationem
920 2517 1135 2598 componeret,
1163 2513 1353 2578 obscuritate

178 2627 208 2684 et
239 2623 330 2705 quasi
357 2622 492 2704 caligine
516 2622 612 2686 verba
635 2642 694 2686 sua
717 2623 851 2705 velasse,
879 2642 952 2685 cum
976 2613 1042 2685 arte
1065 2621 1223 2684 illustrare
1247 2623 1353 2684 omnia

178 2734 209 2790 et
236 2746 390 2792 exornare
413 2734 525 2811 posset.
571 2729 634 2792 Per
656 2731 866 2812 ignorantiam
889 2734 1009 2811 autem,
1038 2748 1102 2812 qua
1124 2729 1249 2792 serioris
1273 2733 1350 2791 tem-

178 2835 262 2916 poris
289 2833 374 2897 fictio
401 2839 519 2918 pateat,
552 2841 713 2899 auctorem
742 2837 794 2899 hio
821 2837 855 2898 in
879 2853 1015 2899 errorem
1039 2836 1163 2918 lapsum
1188 2854 1255 2900 esse
1278 2855 1352 2900 cum

178 2939 314 3004 Sluitero
338 2961 403 3004 non
427 2946 474 3005 est
497 2943 688 3006 credendum
714 2946 752 3026 (p.
774 2927 857 3021 171).

266 3048 343 3113 Post
371 3050 447 3113 haec
471 3056 658 3134 argumenta
682 3069 722 3114 ex
745 3051 822 3134 ipsis
845 3049 939 3114 rebus
962 3052 1093 3134 repetita
1115 3048 1351 3113 Wilamowitzii

178 3155 548 3239 quoquefirmamentum
558 3160 625 3223 vim
637 3158 796 3240 quandam
809 3157 1017 3241 praeseferre
1037 3176 1157 3240 consec,
1178 3159 1233 3240 qui
1252 3159 1349 3241 scrip-

177 3265 253 3326 toris
278 3263 433 3326 Andocidi
457 3267 601 3348 supparis
626 3266 851 3329 documentum
875 3269 999 3328 exstare
1022 3264 1178 3327 conclusit
1201 3265 1282 3344 ex§
1310 3264 1350 3326 10

176 3369 281 3433 verbis
305 3371 335 3451 (l.
354 3368 388 3454 l.)

267 3473 311 3561 μῆ
338 3470 446 3557 μόνον
468 3482 614 3561 χρῆσθαι
642 3489 712 3552 τοῖς
738 3476 974 3561 γεγραμμένοις
997 3469 1113 3557 νόμοις
1135 3474 1213 3557 περὶ
1238 3465 1351 3537 αὐτῶν
1465 3463 1468 3468 ’

178 3570 262 3641 ἄλλα
287 3581 344 3642 καὶ
368 3593 439 3656 τοῖς
463 3574 625 3665 ἀγράφοις

268 3707 340 3751 cum
370 3687 409 3750 ab
441 3688 630 3772 Eumolpida
663 3691 800 3773 quodam
832 3693 901 3774 ipsa
931 3689 1062 3753 Periclis
1094 3671 1177 3752 dicta
1205 3692 1350 3753 citantur.

176 3793 291 3857 Tamen
317 3795 345 3858 ei
369 3796 440 3878 quis
464 3796 624 3859 existimet
646 3796 802 3858 rhetorem
826 3798 1030 3881 posteriorem
1058 3794 1190 3859 finxisse
1218 3797 1349 3879 loquen-

177 3907 240 3964 tem
258 3900 484 3987 Eumolpidam
509 3903 667 3986 quendam
693 3903 777 3986 quod
796 3903 866 3966 fieri
884 3905 1023 3986 potuisse
1042 3922 1134 3967 nemo
1154 3902 1350 3983 infitiabitur,

177 4007 243 4069 solo
268 4009 326 4072 hoc
349 4010 418 4074 loco
441 4029 505 4073 non
530 4009 665 4073 multum
691 4011 860 4074 lucramur.

267 4112 355 4188 Quae
364 4118 425 4180 alia
435 4119 551 4181 indicia
561 4119 654 4181 allata
665 4125 740 4181 sunt
749 4119 789 4181 ad
799 4124 924 4203 tempus
932 4117 1350 4197 certiusfiniendum,incer-

177 4222 257 4283 tiora
281 4222 362 4283 duco
386 4243 481 4305 quam
506 4229 542 4287 ut
565 4226 610 4288 eis
632 4224 729 4312 iidem
752 4224 933 4288 habeamus.
979 4223 1066 4288 Inter
1092 4224 1170 4286 haec
1196 4222 1351 4286 nonnulla
