3074 4936
660 349 872 412 -lt-

178 521 263 613 adrat
291 527 446 612 (ἕνιαιτῷι
477 525 682 593 ἐνδέδεικται.
728 524 783 590 καὶ
807 521 845 589 ad
875 525 933 608 μὲν
961 528 1053 608 σῶμα
1084 520 1133 591 olel
1151 525 1196 601 7ἐν
1224 527 1352 609 δεσμοῖς

178 632 250 716 ἔχει,
275 629 294 721 ἡ
318 634 353 697 δὲ
377 627 469 698 oior'o
493 628 588 699 alred
612 628 752 699 ἐλάττων
776 631 813 698 ἐκ
835 634 898 698 τῶν
921 625 1073 698 κινδύνων
1097 631 1246 720 γίγνεται,

270 759 334 822 Cur
357 760 405 821 his
429 759 533 823 verbis
557 759 737 822 diffidamus
762 778 824 820 non
849 763 903 821 est.
939 758 1011 842 Ipse
1030 759 1113 821 enim
1134 764 1298 822 accusatus
1318 760 1350 820 in

181 865 371 929 defensionis
394 867 565 950 primordio
588 870 729 947 testatur,
752 865 897 928 inimicos
921 865 1128 945 contendisse,
1154 871 1188 928 ut
1211 864 1271 928 sibi
1297 884 1351 927 no·

182 979 300 1036 cerent:

269 1096 285 1158 Ι
312 1097 327 1158 l
353 1091 408 1184 τὴν
435 1095 493 1181 μὲν
520 1095 725 1184 παραακειὴν
754 1095 811 1162 καὶ
837 1091 894 1184 τὴν
924 1091 1113 1182 προθυμίαν
1139 1097 1202 1160 τῶν
1230 1093 1354 1180 ἐχθρῶν

181 1205 243 1268 τῶν
267 1202 350 1286 ἐμῶν
374 1197 454 1268 ὥστε
477 1228 516 1288 με
539 1205 646 1281 κακῶς
668 1207 774 1269 ποιεῖν
797 1201 833 1267 ἐκ
855 1201 983 1280 παντὸς
1001 1197 1124 1289 τρόπον
1143 1201 1199 1266 καὶ
1223 1197 1355 1277 δικαίους

181 1309 235 1374 καὶ
267 1302 386 1386 ἀδίκοις
414 1308 446 1387 ἐξ
474 1304 570 1398 ἀρχῆς
598 1305 708 1397 ἐπειδὴ
731 1303 867 1391 τάχιστοι
892 1302 1088 1396 ἀφικόμενος
1110 1305 1154 1386 εἷς
1176 1303 1232 1396 τὴν
1255 1301 1354 1371 πόλιν

181 1412 314 1502 ταυτηνί
336 1441 364 1480 κ.
385 1441 413 1480 τ.
434 1417 461 1480 λ,

271 1522 285 1583 Ι
320 1523 337 1583 6
371 1516 400 1587 oi
433 1520 491 1605 μὲν
522 1518 582 1609 γὰρ
615 1521 649 1586 ἐκ
682 1523 802 1588 πολλοῦ
833 1517 948 1608 χρόνον
985 1514 1267 1605 ἕιτιβονλεῦοαντες
1299 1518 1355 1583 καὶ

114 1615 117 1621 ¹
182 1627 340 1706 ora‘la'vrag.

273 1753 344 1815 Non
369 1760 476 1818 narrat
500 1756 677 1818 accuratius
702 1756 739 1818 de
758 1755 821 1817 illis
840 1756 974 1835 insidiis
997 1773 1070 1817 oum
1089 1753 1288 1816 adversarius
1307 1752 1356 1815 bis

183 1880 255 1924 eum
275 1865 458 1924 accusatum
482 1881 550 1924 esse
569 1862 688 1944 prodat.
727 1859 926 1944 Quamquam
944 1863 978 1923 in
1007 1857 1156 1923 iudicio
1180 1860 1252 1922 illae
1272 1860 1355 1923 dela-

184 1969 286 2030 tiones
314 1967 354 2029 ad
381 1966 478 2030 finem
505 1968 674 2052 perductae
703 1987 858 2031 essenon
884 1968 1040 2031 videntur.
1087 1965 1274 2049 Ceteroquin
1300 1986 1357 2029 our

184 2079 316 2157 uterque
339 2075 430 2137 sileat
453 2076 492 2138 de
514 2075 578 2138 litis
603 2080 718 2139 eventu
743 2075 876 2159 intelligi
900 2077 1020 2158 nequit.
1061 2073 1142 2138 Nam
1167 2095 1240 2137 cum
1264 2094 1355 2136 accu-

184 2188 268 2245 sator
286 2184 313 2244 si
332 2182 481 2245 inimicus
498 2183 725 2246 condemnatus
741 2189 823 2246 esset
837 2183 871 2244 id
886 2183 1091 2265 pronuntiare
1109 2183 1164 2242 vix
1180 2182 1357 2264 sprevisset,

184 2295 251 2351 tum
280 2307 368 2369 reus,
395 2291 422 2350 si
449 2307 597 2371 prospere
627 2309 722 2351 causa
745 2290 890 2352 cessisset
912 2289 994 2351 idem
1021 2289 1123 2351 iacere
1146 2293 1230 2351 certe
1253 2307 1357 2371 asper-

185 2400 278 2456 natus
301 2413 365 2456 non
389 2395 506 2475 essetl)
550 2394 671 2476 Elucet,
695 2394 837 2476 arbitror,
860 2402 1019 2458 auctorem
1043 2393 1261 2476 Ps,·Lysiaoae
1288 2413 1356 2456 ora-

186 2502 261 2564 toris
285 2502 383 2563 vitam
408 2501 574 2584 diligenter
596 2508 796 2586 persecutum
821 2522 896 2565 esse.

210 2593 213 2599 ¹
272 2608 353 2670 Tum
376 2609 461 2671 aliud
486 2609 712 2672 examinemus

275 2716 293 2794 ᾗ
316 2716 359 2777 48
383 2715 495 2777 haecce
518 2717 699 2779 invenimus

275 2830 357 2902 ἀλλὰ
375 2839 523 2903 πλουτῶν
538 2835 598 2925 γὰρ
614 2838 668 2903 καὶ
684 2832 854 2922 δυνάμενος
869 2845 936 2917 τοῖς
949 2836 1084 2928 χρήμασι
1104 2840 1158 2903 καί
1174 2840 1358 2922 βασιλεῖοιν

186 2942 371 3028 ἐξενωμένος
394 2942 449 3008 καὶ
472 2943 644 3032 τνραννοις.

275 3069 412 3133 Divitem
428 3077 533 3134 autem
549 3091 583 3135 se
598 3092 666 3136 esse
681 3073 862 3136 Andocides
879 3074 993 3136 diserte
1008 3093 1072 3135 non
1086 3078 1247 3153 memorat,
1261 3073 1358 3133 immo

186 3197 226 3240 ex
251 3178 269 3256 ξ
296 3177 358 3238 144
383 3180 586 3260 posteriorem
615 3180 771 3242 rhetorem
801 3181 993 3242 contrarium
1024 3180 1122 3243 fuisse
1153 3180 1358 3243 collecturum

187 3303 373 3367 persuasum
397 3284 496 3349 habeo

278 3410 341 3471 144
367 3397 402 3483 ὃς
426 3417 566 3492 πρῶτον
590 3409 651 3493 μὲν
677 3409 713 3473 ἐκ
737 3415 868 3474 πολλοῦ
885 3406 1038 3474 πλούτου
1058 3401 1140 3473 ὅσον
1164 3401 1255 3491 ὑμεῖς
1280 3407 1359 3481 ἴστε,

188 3504 229 3575 οὗ
259 3505 304 3576 δι’
328 3507 473 3596 ἐμαυτὸν
503 3507 587 3580 ἄλλα
621 3509 679 3593 τὰς
711 3524 769 3601 τῆς
798 3513 929 3593 πόλεως
958 3509 1131 3600 συμφορὰς
1163 3515 1210 3591 εἰς
1237 3517 1359 3579 πενίαν

187 3613 315 3706 πολλὴν
339 3620 504 3708 κατέστην

278 3748 401 3811 etiamsi
420 3749 497 3812 haec
516 3750 692 3814 dictasunt
711 3753 748 3815 de
767 3771 801 3815 re
819 3752 965 3814 familiari
989 3751 1091 3834 qualis
1116 3751 1242 3834 quidem
1267 3751 1361 3813 fuerit

187 3863 259 3920 ante
282 3857 415 3920 oratoris
437 3858 583 3921 reditum.

276 3962 504 4029 Verumtamen
533 3986 591 4030 suo
619 3967 688 4029 iure
717 3968 755 4030 de
783 3967 894 4049 opibus
923 3968 966 4029 rei
998 3967 1049 4028 hio
1079 3972 1188 4029 auctor
1211 3966 1359 4047 loquitur.

190 4085 399 4098 *ὴ*-

280 4135 299 4202 ¹)
322 4136 408 4189 Etiam
431 4140 454 4191 si
478 4143 538 4208 quis
562 4159 609 4210 pro
633 4142 813 4211 deuterologia
835 4143 915 4195 habet
937 4143 1112 4207 invectivam,
1130 4141 1271 4193 *silentium
1295 4140 1360 4192 illud

188 4207 221 4258 de
241 4223 368 4259 successu
386 4209 586 4266 admirationem
605 4214 723 4280 suscitat,
743 4231 802 4267 cum
822 4231 874 4266 non
894 4214 1006 4283 liqueat,
1026 4230 1074 4267 cur·
1092 4212 1199 4266 omnino
1219 4227 1263 4264 eas
1283 4228 1360 4264 accu-

189 4277 305 4331 sationes
324 4282 519 4334 memoraverit.
