3074 4936
659 329 956 411 -ao-‚

180 527 263 571 anno
291 508 367 589 404,
395 528 458 591 quo
488 508 623 591 principi
654 507 730 568 nibil
759 507 822 568 iam
851 507 1058 570 metuendum
1087 515 1163 589 erat,
1193 509 1362 590 Syracusis

180 615 359 678 Andocides
382 614 568 677 commorari
590 613 693 696 potuit
717 613 800 696 apud
820 617 991 694 tyrannum
1016 613 1147 678 fortasse
1178 615 1360 677 commercii

178 739 282 784 eausa.
327 721 410 784 Nam
434 739 515 803 quae
537 721 687 802 leguntur
714 721 798 803 apud
823 719 1050 783 Hoelsoherum
1073 723 1112 804 (p.
1138 721 1191 803 63)
1217 723 1254 785 de
1278 741 1353 784 con-

178 827 257 891 fusis
298 829 428 892 oratoris
466 828 621 910 legatione
655 832 686 890 et
720 827 970 910 peregrinatione
1004 829 1037 890 in
1072 847 1206 892 censum
1247 830 1356 891 venire

182 938 357 1017 nequeunt,
380 952 453 996 cum
477 934 572 1017 legati
595 935 714 998 honore
737 953 912 1016 numquam
930 935 1093 1017 praeditus
1110 940 1199 1017 esset,
1225 935 1257 998 id
1274 936 1360 1018 quod

181 1042 242 1104 riri
263 1041 344 1104 docti
368 1045 460 1103 antea
482 1060 667 1123 persuasum
690 1039 856 1106 habebant.
893 1038 991 1103 Ouius
1007 1043 1052 1104 rei
1068 1043 1145 1105 haec
1160 1047 1237 1106 sunt
1254 1043 1361 1105 firma-

182 1152 295 1211 menta.
341 1147 487 1211 Primum
516 1149 644 1231 quidem
668 1167 755 1210 nunc
776 1149 859 1210 inter
882 1167 991 1211 omnes
1014 1151 1161 1213 convenit
1187 1151 1360 1213 orationem

86 1266 88 1269 ’
182 1245 254 1317 κατ’
274 1246 482 1338 Ἀλκιβιάδου
507 1275 569 1337 qua
592 1256 659 1318 sola
682 1255 788 1337 opinio
812 1255 850 1317 de
866 1255 1040 1318 Andocidis
1064 1256 1222 1339 legatione
1240 1256 1361 1318 muniri

92 1345 93 1348 ¹
181 1359 347 1423 videbatur
366 1360 486 1444 ([And.]
508 1361 554 1422 IV
574 1360 627 1439 41)
647 1359 685 1422 ab
706 1366 827 1422 oratore
845 1366 952 1423 nostro
972 1365 1176 1445 compositam
1201 1381 1360 1428 nonense.

182 1467 314 1530 Accedit
329 1468 413 1551 quod
429 1466 498 1530 fieri
517 1468 646 1530 omnino
664 1485 727 1528 non
747 1470 857 1548 potest,
878 1471 912 1529 ut
930 1466 1111 1530 Andocides
1127 1468 1222 1550 legati
1241 1489 1360 1530 munus

184 1593 335 1656 umquam
360 1575 624 1637 administraverit
643 1573 697 1636 illo
713 1578 861 1656 tempore,
885 1575 1034 1656 quoniam
1052 1579 1144 1649 aetas,
1170 1593 1251 1656 quae
1269 1573 1360 1654 flagi-

184 1680 311 1744 tabatur
334 1683 372 1745 ad
396 1681 491 1745 talem
514 1682 709 1765 provinciam
729 1682 970 1765 suscipiendam,
994 1681 1216 1765 impedimento
1236 1681 1264 1743 ei
1284 1685 1358 1742 erat.

183 1788 269 1852 Ante
292 1809 410 1853 annum
435 1790 518 1852 enim
548 1790 741 1853 tricesimum
773 1789 892 1852 nemini
919 1788 1108 1872 legationem
1137 1789 1217 1852 inire
1245 1786 1362 1849 licebat

185 1915 322 1978 cumque
356 1901 463 1959 noster
497 1901 614 1978 orator,
654 1896 738 1979 quod
773 1897 833 1959 riri
873 1897 988 1960 eruditi
1024 1915 1111 1958 nunc
1149 1895 1360 1975 consentiunt,

185 2004 268 2066 circa
291 2022 411 2071 annum
430 2023 456 2064 a.
476 2000 545 2066 Chr.
567 2023 595 2063 n.
614 2004 678 2065 440
703 2008 796 2065 nutus
819 2004 868 2083 sit,
892 2004 920 2065 ei
944 2004 1044 2066 honos
1068 2002 1121 2066 ille
1144 2001 1273 2066 attribui
1296 2021 1360 2063 non

183 2113 304 2193 poterat
332 2114 404 2172 ante
432 2129 551 2172 annum
576 2110 651 2191 410,
676 2129 739 2192 quo
768 2111 875 2172 atimia
903 2109 1032 2174 affectus
1060 2115 1134 2173 erat.
1182 2108 1220 2172 ln
1244 2128 1361 2172 merca-

185 2221 256 2279 tura
281 2218 380 2299 igltur
401 2215 544 2278 facienda
568 2217 740 2279 verisimile
763 2221 810 2280 eet
833 2217 901 2279 loca
923 2216 978 2279 illa
1001 2235 1072 2280 eum
1098 2216 1220 2281 adiisse.

274 2321 367 2398 Quod
386 2322 459 2386 Zutt
478 2324 519 2407 (p.
538 2324 592 2404 30)
611 2323 776 2387 contendit
794 2328 825 2386 et
843 2324 1035 2386 mentionem
1051 2322 1197 2404 Dionysii
1216 2329 1247 2386 et
1265 2323 1363 2386 verba

184 2429 238 2492 illa
267 2424 286 2517 ἢ
316 2424 449 2494 πάντων
482 2421 711 2510 εδιαχέσιατός
738 2428 824 2493 ἐστιν
852 2424 875 2516 ἢ
903 2430 1055 2494 πλεῖστον
1083 2422 1188 2516 γνώμῃ
1215 2429 1359 2516 διαφέρει

185 2537 248 2600 aba
271 2530 376 2601 ἄλλων
400 2537 569 2599 excludere
598 2534 757 2598 fictionem
786 2537 928 2617 rhetoris,
956 2538 1106 2618 quoniam
1133 2537 1292 2600 fortuita
1321 2539 1362 2600 sit

185 2645 382 2726 memoratio,
416 2643 506 2705 nullo
534 2643 665 2706 consilio
693 2643 828 2725 prolata,
862 2645 916 2705 vix
946 2645 1114 2726 quisquam
1143 2643 1171 2705 ei
1202 2644 1360 2706 concedet.

186 2749 247 2812 Per
270 2768 304 2812 se
327 2768 403 2812 sane
426 2751 675 2813 additamentum
699 2748 779 2813 illud
801 2736 903 2827 (οἶτος
926 2748 961 2814 δὲ
985 2743 1116 2814 πάνιιον
1134 2741 1363 2831 εἰτοχέσιατός

185 2854 271 2919 ἐστιν
293 2849 312 2932 δῖ
335 2856 487 2921 πλεῖστοι
509 2855 615 2943 γνώμῃ
638 2855 782 2944 διαφέρει
801 2858 865 2920 τιον
884 2850 998 2936 ἄλλων,
1024 2861 1075 2921 cui
1098 2859 1147 2919 vir
1165 2857 1276 2919 doctus
1296 2858 1361 2918 vim

187 2963 345 3045 quandam
369 2962 489 3038 tribuit,
513 2965 557 3025 nil
582 2963 709 3045 valeret,
733 2981 816 3044 tcum
840 2965 947 3027 rhetor
969 2965 1126 3028 inferioris
1145 2966 1255 3027 aetatis
1271 2965 1362 3027 facile

186 3071 264 3132 haec
286 3069 383 3133 verba
406 3071 520 3133 addere
543 3077 648 3154 posset
678 3071 716 3134 ad
746 3071 1007 3134 dissimulandum
1037 3073 1100 3135 litis
1128 3071 1276 3155 tempus),
1300 3073 1361 3134 nisi

187 3196 228 3240 ex
246 3178 285 3240 iis
303 3177 437 3259 indiciis,
451 3193 531 3259 quae
550 3179 653 3241 adhuc
668 3179 789 3260 collegi,
808 3179 1024 3261 accipiendum
1037 3183 1126 3260 esset,
1140 3179 1179 3242 de
1191 3180 1362 3262 posteriore

186 3289 313 3348 auctore
323 3285 459 3367 cogitare
475 3304 537 3347 non
558 3285 661 3352 licere.
693 3283 784 3360 Quod
797 3287 824 3348 si
836 3286 1080 3367 consideramus,
1092 3286 1229 3369 profecto
1245 3287 1362 3368 optime

187 3393 342 3475 quadrant
366 3391 519 3455 voeabula
546 3384 769 3473 εἶκοχέσιατος
796 3386 815 3476 l
839 3392 990 3457 ιιλοῖστοο
1017 3387 1123 3478 γνώμῃ
1152 3390 1298 3479 διαφέρει
1327 3392 1359 3453 in
1408 3377 1419 3400 ⁸

187 3500 319 3563 actionis
342 3504 474 3583 tempus.

276 3604 343 3668 Neo
377 3626 440 3669 non
477 3607 562 3670 idem
598 3607 793 3670 censendum
835 3625 903 3670 esse
941 3627 1012 3672 reor
1050 3607 1088 3669 de
1127 3606 1251 3670 duabus
1292 3607 1361 3669 aliis

187 3712 390 3795 paragraphis
415 3712 455 3801 11
481 3719 511 3777 et
535 3713 586 3777 26.

277 3817 321 3882 Ut
345 3820 484 3882 enimin
509 3821 615 3884 verbis

278 3916 364 3989 ὥστε
388 3926 469 4009 πρὶν
494 3928 634 4010 [μᾶλλον
653 3920 672 3989 δ’
694 3915 808 4010 ἦττον]
833 3921 853 3989 δ
877 3927 1152 4012 ἐπιδεδημηκέναι
1182 3928 1262 3991 δέκα
1286 3921 1359 4011 ἡμέ-

189 4058 248 4116 ρας
273 4031 309 4097 e’v
333 4040 372 4115 τῇ
395 4028 494 4097 πόλει
517 4032 790 4116 προσεκαλέσατο
817 4034 912 4117 δίκην
936 4025 1086 4112 daedalon
1109 4026 1194 4116 πρὸς
1219 4027 1279 4098 τὸν
1304 4040 1358 4112 {hr-

190 4141 281 4205 σιλέα
302 4193 307 4203 .
330 4192 336 4203 .
359 4192 364 4202 .
385 4135 527 4221 φάσκων
551 4132 612 4204 τὸν
632 4133 811 4223 Ἄρχιππον
836 4131 967 4220 duellam

277 4253 422 4314 accurate
459 4250 564 4313 omnia
600 4255 768 4313 narrantur
803 4252 888 4330 (cum
922 4252 1054 4333 scriptor
1088 4271 1147 4314 nos
1180 4271 1243 4314 non
1281 4252 1360 4313 celet
