3074 4936
689 347 905 408 ,44-

208 522 782 609 acumincperspiciebatur(p.168).
819 526 869 588 Ac
891 523 1030 609 profecto
1053 525 1112 588 hoc
1135 525 1162 588 si
1186 531 1382 609 reputamus,

208 635 272 696 iam
290 612 454 713 nonnulla,
477 631 593 715 quibus
610 631 849 713 offenderamus,
872 633 973 715 magis
991 632 1122 716 liquent.
1158 631 1242 696 Nam
1260 633 1384 697 intelle-

208 760 319 824 gemus
343 759 428 803 nunc
452 740 590 823 quidem,
613 758 669 802 cur
692 739 858 823 opprobria
882 739 933 802 vel
955 741 1143 823 gravissima
1166 742 1275 802 auctor
1290 742 1383 823 plane

209 847 392 928 neglexerit.
439 845 518 910 Dico
545 847 643 929 patris
671 845 859 909 delationem
884 850 915 909 et
942 847 1022 909 rami
1051 847 1201 930 supplicis
1229 847 1261 909 in
1286 845 1383 911 Eleu·

207 955 288 1017 sinio
312 953 538 1038 depositionem
563 953 610 1035 (cl.
634 973 661 1036 p.
687 954 730 1015 28
754 956 843 1036 sqq).

299 1059 442 1136 Quorum
462 1065 633 1143 utrumque
650 1059 687 1122 ab
704 1060 869 1123 Andocide
887 1061 930 1123 ita
949 1059 1119 1123 refutatum
1139 1064 1216 1141 erat,
1238 1065 1274 1124 ut
1294 1061 1381 1143 inep-

208 1163 275 1230 tum
301 1168 474 1248 videretur,
502 1168 695 1231 contrarium
725 1168 870 1230 evincere
898 1166 1037 1248 studere,
1066 1186 1163 1249 quare
1191 1171 1313 1231 tantum
1342 1167 1380 1229 de

207 1273 357 1337 affinibus
380 1274 553 1357 amicisque
576 1273 687 1337 delatis
711 1293 818 1337 sermo
837 1273 873 1336 fit
897 1275 928 1355 (ξ
944 1274 1008 1356 23).

296 1380 399 1443 Etiam
425 1380 510 1463 quod
541 1380 579 1443 de
606 1378 731 1463 legibus
759 1400 821 1443 non
852 1382 976 1463 scriptis
1003 1380 1185 1463 perhibetur
1213 1382 1246 1443 iu
1274 1380 1380 1443 invec-

206 1488 279 1568 tiva,
307 1487 353 1550 sic
380 1506 444 1549 non
473 1485 599 1549 difficile
627 1487 811 1570 explicatur.
857 1486 943 1550 Reus
972 1492 1197 1570 provocaverat
1226 1488 1265 1551 ad
1289 1488 1376 1570 leges

208 1612 288 1677 quae
321 1612 383 1656 non
417 1599 563 1656 exaratae
591 1593 624 1655 iu
652 1593 810 1676 lapidibus
839 1612 943 1677 neque
970 1594 1093 1658 civibus
1120 1594 1270 1678 probatae
1299 1593 1379 1655 nihil

208 1701 269 1762 iam
298 1700 446 1764 valerent.
501 1698 592 1775 Quod
622 1719 697 1763 cum
724 1702 800 1764 satis
831 1699 931 1762 firmis
960 1703 1157 1784 argumentis
1185 1701 1381 1782 munivisset,

209 1808 260 1870 hic
282 1827 323 1870 ne
346 1811 478 1870 conatur
502 1807 630 1890 quidem
659 1809 806 1872 inimicus
835 1809 904 1872 eius
932 1827 1042 1871 causas
1072 1807 1244 1888 debilitare,
1271 1811 1381 1870 contra

208 1915 292 1977 haud
309 1916 420 1977 inscite
436 1914 528 1976 aliam
546 1915 706 1977 notionem
723 1915 872 1998 supponit
891 1916 961 1978 voci
975 1905 1097 1998 (νόμων
1113 1905 1274 2001 ἀγράφων’
1293 1914 1311 1995 ξ
1330 1914 1381 1995 10,

208 2027 244 2083 ut
266 2020 387 2101 habeat,
412 2019 496 2103 quod
520 2025 704 2104 argumento
729 2039 770 2084 ex
792 2021 898 2104 legum
923 2041 985 2083 non
1010 2023 1197 2104 scriptarum
1221 2021 1380 2084 mentione

208 2129 304 2210 petito
328 2127 528 2191 contradicat.
1361 2207 1364 2213 g

299 2233 394 2298 Porro
433 2253 519 2297 nunc
556 2234 647 2297 facile
685 2234 906 2318 intelliguntur
944 2234 1041 2298 verba
1078 2237 1096 2315 ξ
1131 2236 1172 2297 42
1209 2219 1253 2300 ὧν
1290 2219 1381 2312 οἶτος

207 2343 259 2407 νῦν
277 2335 480 2430 μεμνήσεται,
501 2361 575 2405 cum
593 2360 702 2425 reapse
717 2341 899 2405 Andocides
918 2343 1030 2404 acriter
1049 2341 1216 2405 invehatur
1234 2343 1267 2403 in
1288 2361 1379 2405 accu-

206 2454 324 2513 satores
342 2468 417 2512 suos
433 2449 472 2530 ἐξ
494 2450 533 2512 92
554 2449 675 2530 et132,
698 2450 783 2513 unde
805 2450 903 2533 igitur
925 2450 999 2512 item
1025 2452 1152 2531 apparet
1172 2449 1285 2531 opinor
1304 2467 1379 2511 auc-

206 2557 266 2618 tori
289 2557 465 2619 invectivae
489 2555 528 2619 ob
553 2556 661 2619 oculos
684 2556 781 2619 fuisse
804 2556 1030 2640 Andocideam.

295 2662 461 2726 Praeterea
483 2664 614 2724 minima
639 2662 771 2726 habetur
793 2663 872 2726 ratio
896 2681 1015 2743 eorum,
1039 2680 1120 2746 qaae
1143 2663 1177 2725 in
1196 2661 1379 2726 Andocides

205 2769 408 2853 proferuntur
431 2773 554 2852 praeter
578 2771 596 2851 ξ
621 2770 661 2832 37
687 2789 765 2853 sqq,
789 2769 845 2833 ubi
869 2774 971 2832 tamen
1002 2772 1227 2849 momorantur,
1256 2787 1379 2851 quaea

205 2894 259 2939 reo
282 2894 427 2959 pressum
449 2877 489 2938 iri
512 2881 676 2939 accusator
698 2877 852 2960 suspicari
877 2877 1006 2938 minime
1029 2879 1158 2958 poterat.
1196 2876 1377 2958 Argumen-

205 2984 354 3046 tationem
368 2982 500 3046 solidam
510 2983 626 3068 frustra
640 2985 782 3067 requires
795 3004 831 3047 ac
843 2985 1017 3066 rectissime
1029 2982 1259 3046 Hoelscherum
1271 2984 1310 3065 (p.
1322 2981 1377 3063 57)

205 3091 361 3153 iudicasse
394 3089 529 3153 arbitror
561 3096 591 3153 et
619 3090 763 3154 similiter
795 3090 942 3154 Falliom
971 3094 1009 3173 (p.
1035 3090 1089 3173 68)
1119 3090 1174 3172 qui
1202 3093 1378 3152 statuerunt

206 3203 360 3260 oratorem
377 3217 500 3281 semper
515 3217 581 3261 reru
602 3216 725 3281 augere,
745 3198 930 3280 declamare,
948 3195 1153 3280 nil'probare.
1190 3195 1260 3259 Hoc
1275 3195 1379 3259 elucet

206 3304 369 3368 nonnullis
388 3324 405 3368 e
424 3304 513 3388 locis,
537 3304 653 3389 quibus
672 3306 881 3368 accusationis
902 3323 993 3368 verae
1017 3306 1151 3387 speciem
1176 3303 1237 3365 sibi
1255 3302 1378 3366 asciscit

205 3413 374 3476 invectiva:
400 3413 419 3494 ᾗ
441 3413 459 3475 9
484 3432 675 3496 quamquam
700 3413 930 3496 pronuntiatur,
953 3429 1043 3474 reum
1064 3409 1237 3474 Isatimidis
1253 3411 1376 3473 decreto

203 3519 267 3581 vim
287 3518 448 3602 abrogare,
471 3523 576 3583 tamen
596 3539 636 3583 ne
652 3522 784 3582 conatur
804 3519 930 3601 quidem
952 3519 1159 3592 adversarius,
1183 3517 1374 3580 contrarium

203 3627 399 3707 argumentis
424 3627 576 3690 evincere.

293 3732 311 3812 ξ
332 3733 375 3794 23
395 3733 499 3814 agitur
527 3734 566 3797 de
591 3733 785 3797 denuntiatis
809 3733 1052 3816 consanguineis
1076 3731 1249 3812 amicisque
1268 3729 1377 3792 Ando-

204 3837 293 3918 aidis,
318 3838 373 3902 sed
397 3841 493 3923 testis,
518 3842 573 3924 qui
596 3841 656 3904 hoc
679 3859 790 3904 verum
814 3860 882 3905 esse
904 3838 1089 3904 testificetur
1104 3837 1213 3900 nullus
1232 3836 1375 3921 produci-

202 3949 263 4026 tur,
288 3949 324 4008 ut
346 3947 525 4009 testimonia
549 3950 678 4012 omniuo
702 3967 738 4010 ac
761 3967 889 4031 prorsus
912 3947 1126 4029 negliguntur.

292 4052 310 4132 ξ
335 4053 377 4114 24
403 4073 529 4136 quoque
556 4056 735 4138 psephisma
764 4056 796 4117 in
825 4073 912 4118 reum
944 4056 1088 4136 rogatum
1120 4069 1189 4114 esse
1219 4049 1377 4129 audimus,

201 4159 256 4222 sed
280 4160 385 4241 ipsum
410 4160 490 4223 illud
515 4181 578 4227 non
603 4162 760 4226 recitatur.

291 4266 328 4329 Iu
363 4270 473 4331 ceteris
508 4288 666 4351 nusquam
701 4270 910 4332 accusationis
944 4267 1178 4330 firmamentum
1217 4263 1376 4341 invenies3
