<?xml version="1.0" encoding="UTF-8"?>
<!DOCTYPE html PUBLIC "-//W3C//DTD XHTML 1.0 Transitional//EN"
    "http://www.w3.org/TR/xhtml1/DTD/xhtml1-transitional.dtd">
<html xmlns="http://www.w3.org/1999/xhtml" xml:lang="en" lang="en">
 <head>
  <title>
</title>
<meta http-equiv="Content-Type" content="text/html;charset=utf-8" />
  <meta name='ocr-system' content='tesseract 3.04.00' />
  <meta name='ocr-capabilities' content='ocr_page ocr_carea ocr_par ocr_line ocrx_word'/>
</head>
<body>
  <div class='ocr_page' id='page_1' title='image "./delysiaequaefer00webegoog_0048.png"; bbox 0 0 3074 4936; ppageno 0'>
   <div class='ocr_carea' id='block_1_1' title="bbox 653 323 870 384">
    <p class='ocr_par' dir='ltr' id='par_1_1' title="bbox 653 323 870 384">
     <span class='ocr_line' id='line_1_1' title="bbox 653 323 870 384; baseline -0.005 -17"><span class='ocrx_word' id='word_1_1' title='bbox 653 323 870 384; x_wconf 72' lang='grc'>,43-</span> 
     </span>
    </p>
   </div>
   <div class='ocr_carea' id='block_1_2' title="bbox 176 500 1449 3136">
    <p class='ocr_par' dir='ltr' id='par_1_2' title="bbox 176 500 1349 1104">
     <span class='ocr_line' id='line_1_2' title="bbox 176 500 1347 584; baseline -0.005 -15"><span class='ocrx_word' id='word_1_2' title='bbox 176 506 302 569; x_wconf 89' lang='lat' dir='ltr'>violatis</span> <span class='ocrx_word' id='word_1_3' title='bbox 329 505 436 570; x_wconf 86' lang='lat' dir='ltr'>factas.</span> <span class='ocrx_word' id='word_1_4' title='bbox 485 501 612 564; x_wconf 83' lang='lat' dir='ltr'>Exinde</span> <span class='ocrx_word' id='word_1_5' title='bbox 640 500 850 584; x_wconf 76' lang='lat' dir='ltr'>delegaverim</span> <span class='ocrx_word' id='word_1_6' title='bbox 878 500 917 564; x_wconf 92' lang='lat' dir='ltr'>ad</span> <span class='ocrx_word' id='word_1_7' title='bbox 942 501 961 581; x_wconf 63' lang='grc' dir='ltr'><strong>ξ</strong></span> <span class='ocrx_word' id='word_1_8' title='bbox 988 501 1049 563; x_wconf 86' lang='grc'>105</span> <span class='ocrx_word' id='word_1_9' title='bbox 1080 501 1149 564; x_wconf 88' lang='lat' dir='ltr'>coll.</span> <span class='ocrx_word' id='word_1_10' title='bbox 1180 521 1253 565; x_wconf 88' lang='lat' dir='ltr'>oum</span> <span class='ocrx_word' id='word_1_11' title='bbox 1276 503 1294 582; x_wconf 63' lang='grc' dir='ltr'>ξ</span> <span class='ocrx_word' id='word_1_12' title='bbox 1320 503 1347 563; x_wconf 83' lang='grc'>7.</span> 
     </span>
     <span class='ocr_line' id='line_1_3' title="bbox 177 608 1348 696; baseline -0.003 -20"><span class='ocrx_word' id='word_1_13' title='bbox 177 612 359 676; x_wconf 78' lang='lat' dir='ltr'>Andocides</span> <span class='ocrx_word' id='word_1_14' title='bbox 399 618 565 696; x_wconf 89' lang='lat' dir='ltr'>postquam</span> <span class='ocrx_word' id='word_1_15' title='bbox 608 609 762 690; x_wconf 91' lang='lat' dir='ltr'>narravit,</span> <span class='ocrx_word' id='word_1_16' title='bbox 803 609 1013 672; x_wconf 84' lang='lat' dir='ltr'>Athenienses</span> <span class='ocrx_word' id='word_1_17' title='bbox 1055 608 1212 672; x_wconf 92' lang='lat' dir='ltr'>oblivione</span> <span class='ocrx_word' id='word_1_18' title='bbox 1258 615 1348 693; x_wconf 90' lang='lat' dir='ltr'>pacta</span> 
     </span>
     <span class='ocr_line' id='line_1_4' title="bbox 178 715 1349 802; baseline -0.002 -19"><span class='ocrx_word' id='word_1_19' title='bbox 178 721 338 802; x_wconf 79' lang='lat' dir='ltr'>statuisse,</span> <span class='ocrx_word' id='word_1_20' title='bbox 380 722 416 780; x_wconf 92' lang='lat' dir='ltr'>ut</span> <span class='ocrx_word' id='word_1_21' title='bbox 452 718 591 780; x_wconf 89' lang='lat' dir='ltr'>facinora</span> <span class='ocrx_word' id='word_1_22' title='bbox 625 720 697 779; x_wconf 89' lang='lat' dir='ltr'>ante</span> <span class='ocrx_word' id='word_1_23' title='bbox 732 716 840 799; x_wconf 90' lang='lat' dir='ltr'>populi</span> <span class='ocrx_word' id='word_1_24' title='bbox 874 715 1010 779; x_wconf 87' lang='lat' dir='ltr'>reditum</span> <span class='ocrx_word' id='word_1_25' title='bbox 1045 718 1213 780; x_wconf 87' lang='lat' dir='ltr'>commissa</span> <span class='ocrx_word' id='word_1_26' title='bbox 1247 719 1349 781; x_wconf 87' lang='lat' dir='ltr'>inulta</span> 
     </span>
     <span class='ocr_line' id='line_1_5' title="bbox 178 823 1348 910; baseline -0.001 -20"><span class='ocrx_word' id='word_1_27' title='bbox 178 832 291 908; x_wconf 86' lang='lat' dir='ltr'>essent,</span> <span class='ocrx_word' id='word_1_28' title='bbox 310 831 404 910; x_wconf 91' lang='lat' dir='ltr'>atque</span> <span class='ocrx_word' id='word_1_29' title='bbox 423 826 540 888; x_wconf 89' lang='lat' dir='ltr'>multos</span> <span class='ocrx_word' id='word_1_30' title='bbox 562 826 647 888; x_wconf 92' lang='lat' dir='ltr'>viros</span> <span class='ocrx_word' id='word_1_31' title='bbox 664 824 722 887; x_wconf 91' lang='lat' dir='ltr'>hae</span> <span class='ocrx_word' id='word_1_32' title='bbox 737 824 832 887; x_wconf 90' lang='lat' dir='ltr'>fretos</span> <span class='ocrx_word' id='word_1_33' title='bbox 849 825 881 885; x_wconf 93' lang='lat' dir='ltr'>in</span> <span class='ocrx_word' id='word_1_34' title='bbox 901 823 979 887; x_wconf 93' lang='lat' dir='ltr'>urbe</span> <span class='ocrx_word' id='word_1_35' title='bbox 998 826 1193 906; x_wconf 89' lang='lat' dir='ltr'>commorari,</span> <span class='ocrx_word' id='word_1_36' title='bbox 1213 846 1348 908; x_wconf 90' lang='lat' dir='ltr'>quorum</span> 
     </span>
     <span class='ocr_line' id='line_1_6' title="bbox 179 930 1349 1018; baseline 0 -22"><span class='ocrx_word' id='word_1_37' title='bbox 179 936 342 1018; x_wconf 84' lang='lat' dir='ltr'>permagni</span> <span class='ocrx_word' id='word_1_38' title='bbox 365 936 529 996; x_wconf 87' lang='lat' dir='ltr'>interesset</span> <span class='ocrx_word' id='word_1_39' title='bbox 553 950 646 1015; x_wconf 92' lang='lat' dir='ltr'>quem</span> <span class='ocrx_word' id='word_1_40' title='bbox 671 933 791 994; x_wconf 87' lang='lat' dir='ltr'>exitum</span> <span class='ocrx_word' id='word_1_41' title='bbox 817 930 962 994; x_wconf 92' lang='lat' dir='ltr'>habitura</span> <span class='ocrx_word' id='word_1_42' title='bbox 985 936 1067 995; x_wconf 89' lang='lat' dir='ltr'>esset</span> <span class='ocrx_word' id='word_1_43' title='bbox 1085 952 1180 996; x_wconf 90' lang='lat' dir='ltr'>causa</span> <span class='ocrx_word' id='word_1_44' title='bbox 1198 933 1262 1013; x_wconf 90' lang='lat' dir='ltr'>illa,</span> <span class='ocrx_word' id='word_1_45' title='bbox 1284 952 1349 996; x_wconf 90' lang='lat' dir='ltr'>ser-</span> 
     </span>
     <span class='ocr_line' id='line_1_7' title="bbox 178 1041 543 1104; baseline -0.003 0"><span class='ocrx_word' id='word_1_46' title='bbox 178 1061 303 1104; x_wconf 90' lang='lat' dir='ltr'>monem</span> <span class='ocrx_word' id='word_1_47' title='bbox 328 1042 373 1104; x_wconf 88' lang='lat' dir='ltr'>sio</span> <span class='ocrx_word' id='word_1_48' title='bbox 395 1041 543 1104; x_wconf 88' lang='lat' dir='ltr'>terminat</span> 
     </span>
    </p>

    <p class='ocr_par' dir='ltr' id='par_1_3' title="bbox 179 1138 1352 1555">
     <span class='ocr_line' id='line_1_8' title="bbox 267 1138 1351 1237; baseline 0.002 -26"><span class='ocrx_word' id='word_1_49' title='bbox 267 1147 285 1211; x_wconf 95' lang='lat' dir='ltr'>I</span> <span class='ocrx_word' id='word_1_50' title='bbox 310 1149 372 1210; x_wconf 85' lang='lat'>105</span> <span class='ocrx_word' id='word_1_51' title='bbox 399 1139 417 1212; x_wconf 84' lang='grc' dir='ltr'>ὁ</span> <span class='ocrx_word' id='word_1_52' title='bbox 441 1145 500 1230; x_wconf 82' lang='grc' dir='ltr'>μὲν</span> <span class='ocrx_word' id='word_1_53' title='bbox 522 1138 608 1231; x_wconf 78' lang='grc' dir='ltr'><strong><em>άμιδν</em></strong></span> <span class='ocrx_word' id='word_1_54' title='bbox 630 1143 663 1209; x_wconf 81' lang='grc' dir='ltr'>ἕν</span> <span class='ocrx_word' id='word_1_55' title='bbox 685 1146 731 1231; x_wconf 78' lang='grc' dir='ltr'>τῷ</span> <span class='ocrx_word' id='word_1_56' title='bbox 754 1140 880 1229; x_wconf 87' lang='grc' dir='ltr'><strong><em>σώματι</em></strong></span> <span class='ocrx_word' id='word_1_57' title='bbox 902 1147 948 1232; x_wconf 74' lang='grc' dir='ltr'>τῷ</span> <span class='ocrx_word' id='word_1_58' title='bbox 967 1143 1032 1232; x_wconf 72' lang='grc' dir='ltr'>ἐμῷ</span> <span class='ocrx_word' id='word_1_59' title='bbox 1050 1145 1258 1235; x_wconf 78' lang='grc' dir='ltr'><strong><em>καθέστηκεν,</em></strong></span> <span class='ocrx_word' id='word_1_60' title='bbox 1278 1141 1298 1237; x_wconf 77' lang='grc' dir='ltr'>ἡ</span> <span class='ocrx_word' id='word_1_61' title='bbox 1315 1149 1351 1214; x_wconf 81' lang='grc' dir='ltr'>δέ</span> 
     </span>
     <span class='ocr_line' id='line_1_9' title="bbox 184 1246 1351 1343; baseline 0.002 -24"><span class='ocrx_word' id='word_1_62' title='bbox 184 1256 290 1343; x_wconf 71' lang='grc' dir='ltr'><strong><em>φῇφος</em></strong></span> <span class='ocrx_word' id='word_1_63' title='bbox 315 1246 334 1342; x_wconf 72' lang='grc' dir='ltr'>ἡ</span> <span class='ocrx_word' id='word_1_64' title='bbox 361 1246 494 1338; x_wconf 80' lang='grc' dir='ltr'><strong><em>λμετέρα</em></strong></span> <span class='ocrx_word' id='word_1_65' title='bbox 527 1248 664 1340; x_wconf 76' lang='grc' dir='ltr'><strong><em>δημοσίᾳ</em></strong></span> <span class='ocrx_word' id='word_1_66' title='bbox 698 1255 803 1339; x_wconf 83' lang='grc' dir='ltr'><strong><em>κρινεῖ,</em></strong></span> <span class='ocrx_word' id='word_1_67' title='bbox 837 1246 975 1340; x_wconf 86' lang='grc' dir='ltr'><strong><em>πότερον</em></strong></span> <span class='ocrx_word' id='word_1_68' title='bbox 1005 1248 1063 1342; x_wconf 76' lang='grc' dir='ltr'>χρὴ</span> <span class='ocrx_word' id='word_1_69' title='bbox 1094 1257 1161 1332; x_wconf 81' lang='grc' dir='ltr'><strong><em>τοῖς</em></strong></span> <span class='ocrx_word' id='word_1_70' title='bbox 1192 1247 1351 1343; x_wconf 80' lang='grc' dir='ltr'><strong><em>δμετέρσις</em></strong></span> 
     </span>
     <span class='ocr_line' id='line_1_10' title="bbox 179 1344 1352 1448; baseline 0.003 -22"><span class='ocrx_word' id='word_1_71' title='bbox 179 1350 338 1426; x_wconf 83' lang='grc' dir='ltr'><strong><em>πιστείειν</em></strong></span> <span class='ocrx_word' id='word_1_72' title='bbox 360 1355 380 1444; x_wconf 72' lang='lat' dir='ltr'>i}</span> <span class='ocrx_word' id='word_1_73' title='bbox 398 1355 469 1437; x_wconf 84' lang='grc' dir='ltr'><strong><em>τοδς</em></strong></span> <span class='ocrx_word' id='word_1_74' title='bbox 492 1351 695 1446; x_wconf 77' lang='grc' dir='ltr'><strong><em>συκοφάντας</em></strong></span> <span class='ocrx_word' id='word_1_75' title='bbox 717 1354 1023 1447; x_wconf 66' lang='grc' dir='ltr'><strong><em>παρασκευάζεσθαι</em></strong></span> <span class='ocrx_word' id='word_1_76' title='bbox 1048 1355 1067 1448; x_wconf 67' lang='lat' dir='ltr'>i}</span> <span class='ocrx_word' id='word_1_77' title='bbox 1090 1344 1212 1448; x_wconf 81' lang='grc' dir='ltr'><strong><em>φεάγειν</em></strong></span> <span class='ocrx_word' id='word_1_78' title='bbox 1240 1353 1352 1441; x_wconf 75' lang='grc' dir='ltr'><strong><em>αδτσδς</em></strong></span> 
     </span>
     <span class='ocr_line' id='line_1_11' title="bbox 179 1459 911 1555; baseline -0.003 -23"><span class='ocrx_word' id='word_1_79' title='bbox 179 1466 215 1533; x_wconf 68' lang='lat' dir='ltr'>du</span> <span class='ocrx_word' id='word_1_80' title='bbox 236 1468 292 1555; x_wconf 79' lang='grc' dir='ltr'>τῆς</span> <span class='ocrx_word' id='word_1_81' title='bbox 313 1462 443 1546; x_wconf 85' lang='grc' dir='ltr'><strong><em>πόλεως</em></strong></span> <span class='ocrx_word' id='word_1_82' title='bbox 464 1465 520 1531; x_wconf 84' lang='grc' dir='ltr'>καὶ</span> <span class='ocrx_word' id='word_1_83' title='bbox 543 1459 676 1533; x_wconf 75' lang='grc' dir='ltr'><strong><em>ἀπιέναι</em></strong></span> <span class='ocrx_word' id='word_1_84' title='bbox 700 1460 743 1545; x_wconf 82' lang='grc' dir='ltr'>ιδς</span> <span class='ocrx_word' id='word_1_85' title='bbox 764 1461 911 1549; x_wconf 84' lang='grc' dir='ltr'><strong><em>τάχιστα.</em></strong></span> 
     </span>
    </p>

    <p class='ocr_par' dir='ltr' id='par_1_4' title="bbox 180 1574 1351 1747">
     <span class='ocr_line' id='line_1_12' title="bbox 269 1574 1351 1659; baseline 0.001 -20"><span class='ocrx_word' id='word_1_86' title='bbox 269 1576 392 1640; x_wconf 79' lang='lat' dir='ltr'>Similia</span> <span class='ocrx_word' id='word_1_87' title='bbox 410 1576 548 1659; x_wconf 89' lang='lat' dir='ltr'>legimus</span> <span class='ocrx_word' id='word_1_88' title='bbox 568 1576 660 1658; x_wconf 86' lang='lat' dir='ltr'>Apud</span> <span class='ocrx_word' id='word_1_89' title='bbox 681 1574 876 1656; x_wconf 86' lang='lat' dir='ltr'>Ps-Lysiam</span> <span class='ocrx_word' id='word_1_90' title='bbox 897 1575 953 1638; x_wconf 91' lang='lat' dir='ltr'>sed</span> <span class='ocrx_word' id='word_1_91' title='bbox 971 1576 1004 1637; x_wconf 95' lang='lat' dir='ltr'>in</span> <span class='ocrx_word' id='word_1_92' title='bbox 1024 1577 1212 1638; x_wconf 86' lang='lat' dir='ltr'>contrariam</span> <span class='ocrx_word' id='word_1_93' title='bbox 1231 1591 1351 1659; x_wconf 88' lang='lat' dir='ltr'>partem</span> 
     </span>
     <span class='ocr_line' id='line_1_13' title="bbox 180 1702 332 1747; baseline 0 -1"><span class='ocrx_word' id='word_1_94' title='bbox 180 1702 332 1747; x_wconf 89' lang='lat' dir='ltr'>conversa</span> 
     </span>
    </p>

    <p class='ocr_par' dir='ltr' id='par_1_5' title="bbox 179 1780 1374 2304">
     <span class='ocr_line' id='line_1_14' title="bbox 270 1780 1353 1877; baseline 0.003 -26"><span class='ocrx_word' id='word_1_95' title='bbox 270 1789 317 1852; x_wconf 90' lang='lat' dir='ltr'>VI</span> <span class='ocrx_word' id='word_1_96' title='bbox 343 1791 359 1851; x_wconf 80' lang='lat'><strong>7</strong></span> <span class='ocrx_word' id='word_1_97' title='bbox 389 1782 470 1854; x_wconf 76' lang='grc' dir='ltr'><strong><em>ὥστε</em></strong></span> <span class='ocrx_word' id='word_1_98' title='bbox 505 1825 542 1835; x_wconf 93' lang='lat'>-</span> <span class='ocrx_word' id='word_1_99' title='bbox 577 1781 613 1854; x_wconf 82' lang='grc' dir='ltr'>σί·</span> <span class='ocrx_word' id='word_1_100' title='bbox 640 1781 755 1876; x_wconf 78' lang='grc' dir='ltr'><strong><em>ῥᾴδιόν</em></strong></span> <span class='ocrx_word' id='word_1_101' title='bbox 783 1787 869 1854; x_wconf 74' lang='grc' dir='ltr'><strong><em>ἔστιν</em></strong></span> <span class='ocrx_word' id='word_1_102' title='bbox 896 1781 969 1873; x_wconf 78' lang='grc' dir='ltr'><strong><em>δμῑν</em></strong></span> <span class='ocrx_word' id='word_1_103' title='bbox 992 1780 1078 1877; x_wconf 67' lang='lat' dir='ltr'>adrui</span> <span class='ocrx_word' id='word_1_104' title='bbox 1100 1781 1191 1855; x_wconf 82' lang='grc' dir='ltr'><strong><em>οδδέν</em></strong></span> <span class='ocrx_word' id='word_1_105' title='bbox 1216 1812 1353 1876; x_wconf 83' lang='grc' dir='ltr'><strong><em>χαρισα-</em></strong></span> 
     </span>
     <span class='ocr_line' id='line_1_15' title="bbox 179 1885 1353 1985; baseline 0.001 -24"><span class='ocrx_word' id='word_1_106' title='bbox 179 1895 286 1981; x_wconf 82' lang='grc' dir='ltr'><strong><em>μένοις</em></strong></span> <span class='ocrx_word' id='word_1_107' title='bbox 313 1891 404 1984; x_wconf 85' lang='grc' dir='ltr'><strong><em>παρά</em></strong></span> <span class='ocrx_word' id='word_1_108' title='bbox 437 1891 476 1960; x_wconf 90' lang='grc' dir='ltr'>τδ</span> <span class='ocrx_word' id='word_1_109' title='bbox 510 1893 635 1961; x_wconf 91' lang='grc' dir='ltr'><strong><em>δίκαιον</em></strong></span> <span class='ocrx_word' id='word_1_110' title='bbox 666 1897 783 1961; x_wconf 82' lang='grc' dir='ltr'><strong><em>λαθεῖν</em></strong></span> <span class='ocrx_word' id='word_1_111' title='bbox 813 1891 886 1974; x_wconf 83' lang='grc' dir='ltr'><strong><em>τοδς</em></strong></span> <span class='ocrx_word' id='word_1_112' title='bbox 910 1889 1066 1985; x_wconf 56' lang='grc' dir='ltr'><strong><em>(Έλληνας</em></strong></span> <span class='ocrx_word' id='word_1_113' title='bbox 1092 1937 1109 1946; x_wconf 91' lang='grc'>-</span> <span class='ocrx_word' id='word_1_114' title='bbox 1136 1937 1153 1946; x_wconf 92' lang='grc'>-</span> <span class='ocrx_word' id='word_1_115' title='bbox 1180 1937 1197 1946; x_wconf 90' lang='grc'>-</span> <span class='ocrx_word' id='word_1_116' title='bbox 1229 1885 1262 1962; x_wconf 75' lang='grc' dir='ltr'>εί»</span> <span class='ocrx_word' id='word_1_117' title='bbox 1294 1893 1353 1984; x_wconf 77' lang='grc' dir='ltr'>γάρ</span> 
     </span>
     <span class='ocr_line' id='line_1_16' title="bbox 181 1993 1354 2089; baseline -0.001 -21"><span class='ocrx_word' id='word_1_118' title='bbox 181 2000 363 2069; x_wconf 71' lang='grc' dir='ltr'><strong><em>ἐπίστασθε</em></strong></span> <span class='ocrx_word' id='word_1_119' title='bbox 392 1996 457 2068; x_wconf 80' lang='grc' dir='ltr'>ὅτι</span> <span class='ocrx_word' id='word_1_120' title='bbox 472 1995 526 2085; x_wconf 84' lang='grc' dir='ltr'>οίχ</span> <span class='ocrx_word' id='word_1_121' title='bbox 555 1993 682 2068; x_wconf 83' lang='grc' dir='ltr'><strong><em>οἷόντε</em></strong></span> <span class='ocrx_word' id='word_1_122' title='bbox 706 1995 777 2087; x_wconf 81' lang='grc' dir='ltr'><strong><em>ίμῖν</em></strong></span> <span class='ocrx_word' id='word_1_123' title='bbox 805 2000 891 2068; x_wconf 78' lang='grc' dir='ltr'><strong><em>ἔστιν</em></strong></span> <span class='ocrx_word' id='word_1_124' title='bbox 914 1997 982 2089; x_wconf 85' lang='grc' dir='ltr'>άμα</span> <span class='ocrx_word' id='word_1_125' title='bbox 1007 2008 1073 2082; x_wconf 78' lang='grc' dir='ltr'><strong><em>τοῖς</em></strong></span> <span class='ocrx_word' id='word_1_126' title='bbox 1095 2028 1129 2069; x_wconf 89' lang='grc' dir='ltr'>τε</span> <span class='ocrx_word' id='word_1_127' title='bbox 1152 1997 1265 2088; x_wconf 85' lang='grc' dir='ltr'><strong><em>νόμοις</em></strong></span> <span class='ocrx_word' id='word_1_128' title='bbox 1287 2007 1354 2080; x_wconf 85' lang='grc' dir='ltr'><strong><em>τοῖς</em></strong></span> 
     </span>
     <span class='ocr_line' id='line_1_17' title="bbox 180 2102 1374 2199; baseline 0.001 -25"><span class='ocrx_word' id='word_1_129' title='bbox 180 2107 330 2199; x_wconf 78' lang='grc' dir='ltr'><strong><em>πατρίοις</em></strong></span> <span class='ocrx_word' id='word_1_130' title='bbox 360 2109 416 2175; x_wconf 84' lang='grc' dir='ltr'>καὶ</span> <span class='ocrx_word' id='word_1_131' title='bbox 444 2103 611 2197; x_wconf 70' lang='grc' dir='ltr'><strong><em>Ἀνδοκίδῃ</em></strong></span> <span class='ocrx_word' id='word_1_132' title='bbox 644 2111 800 2197; x_wconf 76' lang='grc' dir='ltr'><strong><em>χρῆσθαι,</em></strong></span> <span class='ocrx_word' id='word_1_133' title='bbox 835 2102 917 2174; x_wconf 84' lang='grc' dir='ltr'><strong><em>άλλά</em></strong></span> <span class='ocrx_word' id='word_1_134' title='bbox 950 2112 1038 2175; x_wconf 85' lang='grc' dir='ltr'>δσοῖν</span> <span class='ocrx_word' id='word_1_135' title='bbox 1069 2105 1208 2198; x_wconf 86' lang='grc' dir='ltr'><strong><em>θάτερον</em></strong></span> <span class='ocrx_word' id='word_1_136' title='bbox 1235 2105 1254 2198; x_wconf 69' lang='lat' dir='ltr'>i}</span> <span class='ocrx_word' id='word_1_137' title='bbox 1281 2105 1374 2188; x_wconf 73' lang='grc' dir='ltr'><strong><em>τοὺς,</em></strong></span> 
     </span>
     <span class='ocr_line' id='line_1_18' title="bbox 181 2208 1155 2304; baseline -0.001 -23"><span class='ocrx_word' id='word_1_138' title='bbox 181 2213 299 2301; x_wconf 84' lang='grc' dir='ltr'><strong><em>νόμους</em></strong></span> <span class='ocrx_word' id='word_1_139' title='bbox 322 2215 525 2296; x_wconf 66' lang='grc' dir='ltr'><strong><em>ἐξαλειπτέον</em></strong></span> <span class='ocrx_word' id='word_1_140' title='bbox 547 2213 634 2280; x_wconf 74' lang='grc' dir='ltr'><strong><em>ἐστιν</em></strong></span> <span class='ocrx_word' id='word_1_141' title='bbox 657 2211 676 2301; x_wconf 68' lang='lat' dir='ltr'>i}</span> <span class='ocrx_word' id='word_1_142' title='bbox 699 2208 927 2281; x_wconf 73' lang='grc' dir='ltr'><strong><em>ἀνταλλακτέον</em></strong></span> <span class='ocrx_word' id='word_1_143' title='bbox 949 2218 1005 2281; x_wconf 72' lang='lat' dir='ltr'>voi·</span> <span class='ocrx_word' id='word_1_144' title='bbox 1028 2209 1155 2304; x_wconf 84' lang='grc' dir='ltr'><strong><em>άνδρός.</em></strong></span> 
     </span>
    </p>

    <p class='ocr_par' dir='ltr' id='par_1_6' title="bbox 180 2313 1449 2838">
     <span class='ocr_line' id='line_1_19' title="bbox 270 2313 1355 2410; baseline 0.002 -26"><span class='ocrx_word' id='word_1_145' title='bbox 270 2323 321 2385; x_wconf 92' lang='lat' dir='ltr'>llli</span> <span class='ocrx_word' id='word_1_146' title='bbox 344 2314 376 2410; x_wconf 59' lang='grc' dir='ltr'>(ἡ</span> <span class='ocrx_word' id='word_1_147' title='bbox 403 2321 439 2386; x_wconf 83' lang='grc' dir='ltr'>δέ</span> <span class='ocrx_word' id='word_1_148' title='bbox 470 2323 578 2410; x_wconf 66' lang='grc' dir='ltr'><strong><em>φῆφος</em></strong></span> <span class='ocrx_word' id='word_1_149' title='bbox 604 2314 623 2409; x_wconf 70' lang='grc' dir='ltr'>ἡ</span> <span class='ocrx_word' id='word_1_150' title='bbox 646 2313 779 2409; x_wconf 82' lang='grc' dir='ltr'><strong><em>δμετίρα</em></strong></span> <span class='ocrx_word' id='word_1_151' title='bbox 808 2317 946 2410; x_wconf 73' lang='grc' dir='ltr'><strong><em>δημοσία</em></strong></span> <span class='ocrx_word' id='word_1_152' title='bbox 975 2315 1081 2409; x_wconf 78' lang='grc' dir='ltr'><strong><em>κρινεῖ’</em></strong></span> <span class='ocrx_word' id='word_1_153' title='bbox 1110 2324 1278 2406; x_wconf 86' lang='lat' dir='ltr'>respondet</span> <span class='ocrx_word' id='word_1_154' title='bbox 1304 2324 1355 2386; x_wconf 91' lang='lat' dir='ltr'>hio</span> 
     </span>
     <span class='ocr_line' id='line_1_20' title="bbox 180 2421 1449 2518; baseline -0.002 -24"><span class='ocrx_word' id='word_1_155' title='bbox 180 2422 228 2495; x_wconf 75' lang='lat' dir='ltr'>‘oi</span> <span class='ocrx_word' id='word_1_156' title='bbox 246 2422 361 2518; x_wconf 78' lang='grc' dir='ltr'><strong><em>ῥᾴδιόν</em></strong></span> <span class='ocrx_word' id='word_1_157' title='bbox 380 2427 466 2494; x_wconf 74' lang='grc' dir='ltr'><strong><em>ἐστιν</em></strong></span> <span class='ocrx_word' id='word_1_158' title='bbox 488 2430 604 2494; x_wconf 83' lang='grc' dir='ltr'><strong><em>λαθεῖν</em></strong></span> <span class='ocrx_word' id='word_1_159' title='bbox 626 2424 700 2506; x_wconf 81' lang='grc' dir='ltr'><strong><em>τοδς</em></strong></span> <span class='ocrx_word' id='word_1_160' title='bbox 715 2421 897 2516; x_wconf 38' lang='grc' dir='ltr'><strong><em>Ἕλληναςίς</em></strong></span> <span class='ocrx_word' id='word_1_161' title='bbox 925 2429 963 2492; x_wconf 90' lang='lat' dir='ltr'>ab</span> <span class='ocrx_word' id='word_1_162' title='bbox 984 2434 1118 2514; x_wconf 91' lang='lat' dir='ltr'>utraque</span> <span class='ocrx_word' id='word_1_163' title='bbox 1136 2437 1224 2513; x_wconf 86' lang='lat' dir='ltr'>parte</span> <span class='ocrx_word' id='word_1_164' title='bbox 1242 2449 1355 2514; x_wconf 90' lang='lat' dir='ltr'>provo·</span> <span class='ocrx_word' id='word_1_165' title='bbox 1447 2464 1449 2468; x_wconf 95' lang='lat'>·</span> 
     </span>
     <span class='ocr_line' id='line_1_21' title="bbox 182 2536 1356 2621; baseline 0 -21"><span class='ocrx_word' id='word_1_166' title='bbox 182 2542 280 2613; x_wconf 85' lang='lat' dir='ltr'>catur</span> <span class='ocrx_word' id='word_1_167' title='bbox 294 2537 333 2599; x_wconf 93' lang='lat' dir='ltr'>ad</span> <span class='ocrx_word' id='word_1_168' title='bbox 356 2538 441 2620; x_wconf 90' lang='lat' dir='ltr'>leges</span> <span class='ocrx_word' id='word_1_169' title='bbox 464 2537 589 2620; x_wconf 87' lang='lat' dir='ltr'>patrias,</span> <span class='ocrx_word' id='word_1_170' title='bbox 617 2536 671 2599; x_wconf 93' lang='lat' dir='ltr'>sed</span> <span class='ocrx_word' id='word_1_171' title='bbox 696 2537 848 2619; x_wconf 91' lang='lat' dir='ltr'>oppositio</span> <span class='ocrx_word' id='word_1_172' title='bbox 872 2536 933 2599; x_wconf 91' lang='lat' dir='ltr'>alia</span> <span class='ocrx_word' id='word_1_173' title='bbox 962 2541 1022 2615; x_wconf 73' lang='lat' dir='ltr'>est,</span> <span class='ocrx_word' id='word_1_174' title='bbox 1059 2537 1124 2600; x_wconf 90' lang='lat' dir='ltr'>illic</span> <span class='ocrx_word' id='word_1_175' title='bbox 1153 2542 1356 2621; x_wconf 91' lang='lat' dir='ltr'>opponuntur</span> 
     </span>
     <span class='ocr_line' id='line_1_22' title="bbox 182 2635 1355 2732; baseline 0.002 -26"><span class='ocrx_word' id='word_1_176' title='bbox 182 2646 264 2708; x_wconf 90' lang='lat' dir='ltr'>inter</span> <span class='ocrx_word' id='word_1_177' title='bbox 287 2663 320 2706; x_wconf 92' lang='lat' dir='ltr'>se</span> <span class='ocrx_word' id='word_1_178' title='bbox 343 2637 439 2728; x_wconf 89' lang='grc' dir='ltr'><strong><em>νόμοι</em></strong></span> <span class='ocrx_word' id='word_1_179' title='bbox 462 2648 493 2707; x_wconf 92' lang='lat' dir='ltr'>et</span> <span class='ocrx_word' id='word_1_180' title='bbox 521 2636 729 2730; x_wconf 82' lang='grc' dir='ltr'><strong><em>συκοφάνται,</em></strong></span> <span class='ocrx_word' id='word_1_181' title='bbox 759 2644 810 2705; x_wconf 92' lang='lat' dir='ltr'>bio</span> <span class='ocrx_word' id='word_1_182' title='bbox 838 2636 932 2727; x_wconf 86' lang='grc' dir='ltr'><strong><em>νόμοι</em></strong></span> <span class='ocrx_word' id='word_1_183' title='bbox 958 2650 988 2706; x_wconf 91' lang='lat' dir='ltr'>et</span> <span class='ocrx_word' id='word_1_184' title='bbox 1007 2635 1193 2732; x_wconf 79' lang='grc' dir='ltr'><strong><em>Ἀνδοκίδης</em></strong></span> <span class='ocrx_word' id='word_1_185' title='bbox 1216 2651 1247 2710; x_wconf 92' lang='lat' dir='ltr'>et</span> <span class='ocrx_word' id='word_1_186' title='bbox 1271 2646 1355 2730; x_wconf 92' lang='lat' dir='ltr'>quod</span> 
     </span>
     <span class='ocr_line' id='line_1_23' title="bbox 184 2749 1164 2838; baseline -0.001 -24"><span class='ocrx_word' id='word_1_187' title='bbox 184 2770 257 2814; x_wconf 87' lang='lat' dir='ltr'>reus</span> <span class='ocrx_word' id='word_1_188' title='bbox 281 2750 319 2813; x_wconf 87' lang='lat' dir='ltr'>de</span> <span class='ocrx_word' id='word_1_189' title='bbox 342 2750 544 2838; x_wconf 86' lang='lat' dir='ltr'>sycophantis</span> <span class='ocrx_word' id='word_1_190' title='bbox 568 2749 650 2812; x_wconf 84' lang='lat' dir='ltr'>dixit</span> <span class='ocrx_word' id='word_1_191' title='bbox 672 2750 860 2813; x_wconf 83' lang='lat' dir='ltr'>transfertur</span> <span class='ocrx_word' id='word_1_192' title='bbox 883 2752 914 2812; x_wconf 92' lang='lat' dir='ltr'>in</span> <span class='ocrx_word' id='word_1_193' title='bbox 941 2750 1032 2814; x_wconf 90' lang='lat' dir='ltr'>illum</span> <span class='ocrx_word' id='word_1_194' title='bbox 1052 2753 1164 2835; x_wconf 89' lang='lat' dir='ltr'>ipsum.</span> 
     </span>
    </p>

    <p class='ocr_par' dir='ltr' id='par_1_7' title="bbox 184 2856 1358 3136">
     <span class='ocr_line' id='line_1_24' title="bbox 273 2856 1357 2941; baseline 0.004 -21"><span class='ocrx_word' id='word_1_195' title='bbox 273 2857 481 2938; x_wconf 84' lang='lat' dir='ltr'>Postremum,</span> <span class='ocrx_word' id='word_1_196' title='bbox 501 2876 563 2939; x_wconf 93' lang='lat' dir='ltr'>quo</span> <span class='ocrx_word' id='word_1_197' title='bbox 576 2856 749 2918; x_wconf 89' lang='lat' dir='ltr'>similitudo</span> <span class='ocrx_word' id='word_1_198' title='bbox 763 2857 844 2920; x_wconf 90' lang='lat' dir='ltr'>inter</span> <span class='ocrx_word' id='word_1_199' title='bbox 863 2859 1029 2941; x_wconf 89' lang='lat' dir='ltr'>utriusque</span> <span class='ocrx_word' id='word_1_200' title='bbox 1047 2859 1144 2922; x_wconf 90' lang='lat' dir='ltr'>verba</span> <span class='ocrx_word' id='word_1_201' title='bbox 1163 2861 1357 2924; x_wconf 84' lang='lat' dir='ltr'>intercedere</span> 
     </span>
     <span class='ocr_line' id='line_1_25' title="bbox 185 2962 1358 3050; baseline 0.002 -22"><span class='ocrx_word' id='word_1_202' title='bbox 185 2966 262 3028; x_wconf 91' lang='lat' dir='ltr'>mihi</span> <span class='ocrx_word' id='word_1_203' title='bbox 292 2965 428 3045; x_wconf 88' lang='lat' dir='ltr'>videtur,</span> <span class='ocrx_word' id='word_1_204' title='bbox 460 2964 478 3045; x_wconf 65' lang='grc' dir='ltr'>ξ</span> <span class='ocrx_word' id='word_1_205' title='bbox 509 2966 548 3026; x_wconf 87' lang='grc'>32</span> <span class='ocrx_word' id='word_1_206' title='bbox 578 2962 781 3028; x_wconf 84' lang='lat' dir='ltr'>Andocideae</span> <span class='ocrx_word' id='word_1_207' title='bbox 804 2969 834 3030; x_wconf 90' lang='lat' dir='ltr'>et</span> <span class='ocrx_word' id='word_1_208' title='bbox 862 2967 880 3043; x_wconf 69' lang='grc' dir='ltr'>ξ,</span> <span class='ocrx_word' id='word_1_209' title='bbox 910 2965 927 3026; x_wconf 83' lang='grc'><strong>5</strong></span> <span class='ocrx_word' id='word_1_210' title='bbox 960 2964 1110 3047; x_wconf 80' lang='lat' dir='ltr'>Lysiacae</span> <span class='ocrx_word' id='word_1_211' title='bbox 1145 2987 1226 3050; x_wconf 92' lang='lat' dir='ltr'>quae</span> <span class='ocrx_word' id='word_1_212' title='bbox 1258 2968 1358 3031; x_wconf 91' lang='lat' dir='ltr'>fertur</span> 
     </span>
     <span class='ocr_line' id='line_1_26' title="bbox 184 3073 416 3136; baseline 0.004 -2"><span class='ocrx_word' id='word_1_213' title='bbox 184 3073 369 3136; x_wconf 90' lang='lat' dir='ltr'>continetur.</span> <span class='ocrx_word' id='word_1_214' title='bbox 415 3090 416 3095; x_wconf 51' lang='lat'>¹</span> 
     </span>
    </p>
   </div>
   <div class='ocr_carea' id='block_1_3' title="bbox 184 3259 1358 3516">
    <p class='ocr_par' dir='ltr' id='par_1_8' title="bbox 184 3259 1358 3516">
     <span class='ocr_line' id='line_1_27' title="bbox 238 3259 1358 3338; baseline 0.001 -19"><span class='ocrx_word' id='word_1_215' title='bbox 238 3266 271 3319; x_wconf 73' lang='lat'>3⁸2</span> <span class='ocrx_word' id='word_1_216' title='bbox 300 3270 343 3317; x_wconf 76' lang='lat' dir='ltr'>aul</span> <span class='ocrx_word' id='word_1_217' title='bbox 375 3260 440 3338; x_wconf 73' lang='lat' dir='ltr'>r‘vrip</span> <span class='ocrx_word' id='word_1_218' title='bbox 467 3269 521 3319; x_wconf 81' lang='grc' dir='ltr'>τῶν</span> <span class='ocrx_word' id='word_1_219' title='bbox 542 3259 691 3333; x_wconf 59' lang='grc' dir='ltr'><strong><em>Ἑλλήνων,</em></strong></span> <span class='ocrx_word' id='word_1_220' title='bbox 718 3269 745 3317; x_wconf 72' lang='grc' dir='ltr'>οἳ</span> <span class='ocrx_word' id='word_1_221' title='bbox 870 3270 885 3317; x_wconf 77' lang='grc' dir='ltr'>ι’)</span> <span class='ocrx_word' id='word_1_222' title='bbox 914 3309 917 3317; x_wconf 97' lang='grc'>.</span> <span class='ocrx_word' id='word_1_223' title='bbox 947 3308 951 3317; x_wconf 90' lang='grc'><em>,</em></span> <span class='ocrx_word' id='word_1_224' title='bbox 978 3259 1039 3323; x_wconf 63' lang='lat' dir='ltr'>volu</span> <span class='ocrx_word' id='word_1_225' title='bbox 1064 3259 1169 3337; x_wconf 76' lang='grc' dir='ltr'><strong><em>μίσιας</em></strong></span> <span class='ocrx_word' id='word_1_226' title='bbox 1196 3310 1199 3318; x_wconf 93' lang='grc'>.</span> <span class='ocrx_word' id='word_1_227' title='bbox 1229 3310 1233 3319; x_wconf 92' lang='grc'><em>.</em></span> <span class='ocrx_word' id='word_1_228' title='bbox 1260 3265 1274 3334; x_wconf 71' lang='grc' dir='ltr'>ἢ</span> <span class='ocrx_word' id='word_1_229' title='bbox 1297 3262 1358 3329; x_wconf 65' lang='lat' dir='ltr'>rol-c</span> 
     </span>
     <span class='ocr_line' id='line_1_28' title="bbox 184 3348 1358 3426; baseline 0.005 -22"><span class='ocrx_word' id='word_1_230' title='bbox 184 3357 228 3419; x_wconf 71' lang='grc' dir='ltr'>τῆς</span> <span class='ocrx_word' id='word_1_231' title='bbox 246 3349 336 3423; x_wconf 68' lang='grc' dir='ltr'><strong><em>ἑσρτλς</em></strong></span> <span class='ocrx_word' id='word_1_232' title='bbox 355 3354 431 3406; x_wconf 66' lang='grc' dir='ltr'><strong><em>ἕνεκα</em></strong></span> <span class='ocrx_word' id='word_1_233' title='bbox 451 3356 575 3426; x_wconf 69' lang='grc' dir='ltr'><strong><em>ἔρχονται</em></strong></span> <span class='ocrx_word' id='word_1_234' title='bbox 595 3354 673 3426; x_wconf 73' lang='grc' dir='ltr'><strong><em>δεῦρο</em></strong></span> <span class='ocrx_word' id='word_1_235' title='bbox 799 3353 896 3414; x_wconf 70' lang='grc' dir='ltr'><strong><em>ἄλλους</em></strong></span> <span class='ocrx_word' id='word_1_236' title='bbox 914 3351 1041 3420; x_wconf 77' lang='grc' dir='ltr'><strong><em>Ἕλληνας</em></strong></span> <span class='ocrx_word' id='word_1_237' title='bbox 1059 3357 1086 3405; x_wconf 80' lang='grc' dir='ltr'>οἳ</span> <span class='ocrx_word' id='word_1_238' title='bbox 1105 3354 1180 3407; x_wconf 68' lang='grc' dir='ltr'><strong><em>ἕνεκα</em></strong></span> <span class='ocrx_word' id='word_1_239' title='bbox 1198 3348 1294 3422; x_wconf 55' lang='lat' dir='ltr'>rubra»</span> <span class='ocrx_word' id='word_1_240' title='bbox 1311 3363 1358 3424; x_wconf 68' lang='grc' dir='ltr'>τῆς</span> 
     </span>
     <span class='ocr_line' id='line_1_29' title="bbox 798 3444 1244 3516; baseline 0.011 -24"><span class='ocrx_word' id='word_1_241' title='bbox 798 3445 888 3516; x_wconf 69' lang='grc' dir='ltr'><strong><em>ἑορτῆς</em></strong></span> <span class='ocrx_word' id='word_1_242' title='bbox 909 3444 1110 3514; x_wconf 67' lang='grc' dir='ltr'><strong><em>[ἓπιδημαῦσινλ</em></strong></span> <span class='ocrx_word' id='word_1_243' title='bbox 1131 3444 1244 3514; x_wconf 79' lang='lat' dir='ltr'>(Cobet).</span> 
     </span>
    </p>
   </div>
   <div class='ocr_carea' id='block_1_4' title="bbox 185 3604 1361 4330">
    <p class='ocr_par' dir='ltr' id='par_1_9' title="bbox 185 3604 1358 3902">
     <span class='ocr_line' id='line_1_30' title="bbox 275 3604 1358 3691; baseline 0.006 -25"><span class='ocrx_word' id='word_1_244' title='bbox 275 3604 410 3687; x_wconf 88' lang='lat' dir='ltr'>Insuper</span> <span class='ocrx_word' id='word_1_245' title='bbox 432 3605 530 3668; x_wconf 87' lang='lat' dir='ltr'>totius</span> <span class='ocrx_word' id='word_1_246' title='bbox 558 3604 619 3667; x_wconf 92' lang='lat' dir='ltr'>loci</span> <span class='ocrx_word' id='word_1_247' title='bbox 647 3604 721 3668; x_wconf 91' lang='lat' dir='ltr'>inde</span> <span class='ocrx_word' id='word_1_248' title='bbox 749 3605 787 3668; x_wconf 86' lang='lat' dir='ltr'>ab</span> <span class='ocrx_word' id='word_1_249' title='bbox 812 3607 829 3687; x_wconf 61' lang='grc' dir='ltr'>ᾗ</span> <span class='ocrx_word' id='word_1_250' title='bbox 854 3608 896 3670; x_wconf 89' lang='grc'>29</span> <span class='ocrx_word' id='word_1_251' title='bbox 925 3626 1114 3670; x_wconf 88' lang='lat' dir='ltr'>consensum</span> <span class='ocrx_word' id='word_1_252' title='bbox 1145 3608 1358 3691; x_wconf 86' lang='lat' dir='ltr'>dignoscimus</span> 
     </span>
     <span class='ocr_line' id='line_1_31' title="bbox 185 3712 1358 3797; baseline 0.003 -21"><span class='ocrx_word' id='word_1_253' title='bbox 185 3733 260 3776; x_wconf 91' lang='lat' dir='ltr'>oum</span> <span class='ocrx_word' id='word_1_254' title='bbox 284 3713 374 3775; x_wconf 90' lang='lat' dir='ltr'>initio</span> <span class='ocrx_word' id='word_1_255' title='bbox 397 3713 587 3792; x_wconf 86' lang='lat' dir='ltr'>invectivae,</span> <span class='ocrx_word' id='word_1_256' title='bbox 621 3712 705 3795; x_wconf 93' lang='lat' dir='ltr'>qnod</span> <span class='ocrx_word' id='word_1_257' title='bbox 734 3712 772 3775; x_wconf 92' lang='lat' dir='ltr'>de</span> <span class='ocrx_word' id='word_1_258' title='bbox 800 3713 954 3796; x_wconf 83' lang='lat' dir='ltr'>exemplis</span> <span class='ocrx_word' id='word_1_259' title='bbox 977 3714 1041 3777; x_wconf 88' lang='lat' dir='ltr'>illis</span> <span class='ocrx_word' id='word_1_260' title='bbox 1063 3733 1183 3797; x_wconf 89' lang='lat' dir='ltr'>poenae</span> <span class='ocrx_word' id='word_1_261' title='bbox 1206 3715 1358 3779; x_wconf 88' lang='lat' dir='ltr'>divinitus</span> 
     </span>
     <span class='ocr_line' id='line_1_32' title="bbox 186 3819 1188 3902; baseline 0.002 -20"><span class='ocrx_word' id='word_1_262' title='bbox 186 3819 368 3883; x_wconf 89' lang='lat' dir='ltr'>homiuibus</span> <span class='ocrx_word' id='word_1_263' title='bbox 391 3819 531 3883; x_wconf 89' lang='lat' dir='ltr'>scelestis</span> <span class='ocrx_word' id='word_1_264' title='bbox 555 3819 696 3902; x_wconf 89' lang='lat' dir='ltr'>ingestae</span> <span class='ocrx_word' id='word_1_265' title='bbox 720 3819 891 3902; x_wconf 91' lang='lat' dir='ltr'>utrubique</span> <span class='ocrx_word' id='word_1_266' title='bbox 914 3822 1063 3884; x_wconf 90' lang='lat' dir='ltr'>certiores</span> <span class='ocrx_word' id='word_1_267' title='bbox 1086 3820 1188 3884; x_wconf 92' lang='lat' dir='ltr'>fimus.</span> 
     </span>
    </p>

    <p class='ocr_par' dir='ltr' id='par_1_10' title="bbox 188 3925 1361 4330">
     <span class='ocr_line' id='line_1_33' title="bbox 276 3925 1359 4012; baseline 0.003 -24"><span class='ocrx_word' id='word_1_268' title='bbox 276 3926 328 3988; x_wconf 83' lang='lat' dir='ltr'>Ex</span> <span class='ocrx_word' id='word_1_269' title='bbox 364 3926 512 3990; x_wconf 90' lang='lat' dir='ltr'>omnibus</span> <span class='ocrx_word' id='word_1_270' title='bbox 544 3926 584 3989; x_wconf 89' lang='lat' dir='ltr'>iis</span> <span class='ocrx_word' id='word_1_271' title='bbox 599 3956 602 3963; x_wconf 95' lang='lat'>·</span> <span class='ocrx_word' id='word_1_272' title='bbox 617 3944 698 4009; x_wconf 92' lang='lat' dir='ltr'>quae</span> <span class='ocrx_word' id='word_1_273' title='bbox 730 3925 842 4009; x_wconf 88' lang='lat' dir='ltr'>collegi</span> <span class='ocrx_word' id='word_1_274' title='bbox 876 3927 1002 3990; x_wconf 91' lang='lat' dir='ltr'>indiciis</span> <span class='ocrx_word' id='word_1_275' title='bbox 1034 3928 1073 3991; x_wconf 94' lang='lat' dir='ltr'>ad</span> <span class='ocrx_word' id='word_1_276' title='bbox 1108 3928 1359 4012; x_wconf 89' lang='lat' dir='ltr'>probabilitatem</span> 
     </span>
     <span class='ocr_line' id='line_1_34' title="bbox 188 4032 1361 4118; baseline 0.007 -27"><span class='ocrx_word' id='word_1_277' title='bbox 188 4032 348 4113; x_wconf 86' lang='lat' dir='ltr'>quandam</span> <span class='ocrx_word' id='word_1_278' title='bbox 367 4034 539 4097; x_wconf 79' lang='lat' dir='ltr'>adduxisse</span> <span class='ocrx_word' id='word_1_279' title='bbox 562 4033 640 4096; x_wconf 91' lang='lat' dir='ltr'>mihi</span> <span class='ocrx_word' id='word_1_280' title='bbox 664 4033 780 4116; x_wconf 89' lang='lat' dir='ltr'>videor,</span> <span class='ocrx_word' id='word_1_281' title='bbox 805 4035 833 4097; x_wconf 92' lang='lat' dir='ltr'>ei</span> <span class='ocrx_word' id='word_1_282' title='bbox 853 4035 909 4117; x_wconf 90' lang='lat' dir='ltr'>qni</span> <span class='ocrx_word' id='word_1_283' title='bbox 931 4035 1108 4098; x_wconf 88' lang='lat' dir='ltr'>invectivae</span> <span class='ocrx_word' id='word_1_284' title='bbox 1127 4035 1361 4118; x_wconf 89' lang='lat' dir='ltr'>componendae</span> 
     </span>
     <span class='ocr_line' id='line_1_35' title="bbox 188 4141 1360 4223; baseline 0.005 -25"><span class='ocrx_word' id='word_1_285' title='bbox 188 4155 314 4219; x_wconf 90' lang='lat' dir='ltr'>operam</span> <span class='ocrx_word' id='word_1_286' title='bbox 348 4141 489 4220; x_wconf 89' lang='lat' dir='ltr'>navavit,</span> <span class='ocrx_word' id='word_1_287' title='bbox 523 4141 623 4223; x_wconf 90' lang='lat' dir='ltr'>ipsius</span> <span class='ocrx_word' id='word_1_288' title='bbox 652 4141 825 4203; x_wconf 90' lang='lat' dir='ltr'>Andocidis</span> <span class='ocrx_word' id='word_1_289' title='bbox 860 4141 1074 4205; x_wconf 87' lang='lat' dir='ltr'>defensionem</span> <span class='ocrx_word' id='word_1_290' title='bbox 1107 4161 1171 4204; x_wconf 89' lang='lat' dir='ltr'>nou</span> <span class='ocrx_word' id='word_1_291' title='bbox 1199 4143 1292 4205; x_wconf 91' lang='lat' dir='ltr'>modo</span> <span class='ocrx_word' id='word_1_292' title='bbox 1322 4141 1360 4204; x_wconf 96' lang='lat' dir='ltr'>ob</span> 
     </span>
     <span class='ocr_line' id='line_1_36' title="bbox 188 4238 1361 4330; baseline 0.005 -25"><span class='ocrx_word' id='word_1_293' title='bbox 188 4245 345 4325; x_wconf 90' lang='lat' dir='ltr'>animum,</span> <span class='ocrx_word' id='word_1_294' title='bbox 377 4245 432 4308; x_wconf 93' lang='lat' dir='ltr'>sed</span> <span class='ocrx_word' id='word_1_295' title='bbox 461 4245 500 4308; x_wconf 96' lang='lat' dir='ltr'>ob</span> <span class='ocrx_word' id='word_1_296' title='bbox 529 4248 637 4310; x_wconf 84' lang='lat' dir='ltr'>oeulos</span> <span class='ocrx_word' id='word_1_297' title='bbox 666 4253 820 4310; x_wconf 87' lang='lat' dir='ltr'>versatam</span> <span class='ocrx_word' id='word_1_298' title='bbox 854 4266 935 4326; x_wconf 86' lang='lat' dir='ltr'>esse,</span> <span class='ocrx_word' id='word_1_299' title='bbox 967 4249 999 4309; x_wconf 94' lang='lat' dir='ltr'>id</span> <span class='ocrx_word' id='word_1_300' title='bbox 1030 4248 1114 4330; x_wconf 90' lang='lat' dir='ltr'>quod</span> <span class='ocrx_word' id='word_1_301' title='bbox 1143 4238 1206 4318; x_wconf 25' lang='lat' dir='ltr'>iam,</span> <span class='ocrx_word' id='word_1_302' title='bbox 1233 4248 1361 4312; x_wconf 87' lang='lat' dir='ltr'>Sluiteri</span> 
     </span>
    </p>
   </div>
   <div class='ocr_carea' id='block_1_5' title="bbox 0 0 1558 4936">
    <p class='ocr_par' dir='ltr' id='par_1_11' title="bbox 0 0 1558 4936">
     <span class='ocr_line' id='line_1_37' title="bbox 0 0 1558 4936; baseline 0 0"><span class='ocrx_word' id='word_1_303' title='bbox 0 0 1558 4936; x_wconf 95' lang='lat' dir='ltr'> </span> 
     </span>
    </p>
   </div>
  </div>
 </body>
</html>
