3074 4936
583 285 873 422 .-ru-

177 535 363 579 censeamus
387 536 449 578 non
475 520 530 579 est.
571 514 730 598 Equidem
748 515 825 576 mihi
849 515 990 596 persuasi
1015 533 1122 597 reapse
1145 515 1176 576 id
1201 517 1353 596 evenisse,

177 623 273 685 simul
297 627 402 686 autem
427 641 492 685 non
515 622 609 684 modo
633 624 793 684 auctorem
817 621 992 685 invectivae
1014 622 1117 704 ipsum
1150 623 1235 685 haud
1262 623 1351 705 igno-

177 749 272 811 rasse,
302 730 373 813 quis
396 730 450 792 ille
473 729 677 812 magistratus
700 728 803 810 fuerit,
831 727 886 790 sed
911 729 1094 811 quicunque
1122 729 1271 812 legerent,
1300 747 1354 792 eos

178 837 313 899 sensisse
336 836 376 899 ad
405 855 500 918 quem
528 835 632 898 virum
661 836 738 898 haec
764 833 862 898 verba
890 835 1087 918 respicerent,
1114 836 1147 897 id
1176 836 1261 918 quod
1288 855 1353 898 non

179 943 313 1025 quadrat
334 944 396 1006 nisi
418 943 451 1005 in
475 943 507 1005 id
531 943 680 1025 temporis
702 946 866 1025 punctum,
890 960 953 1023 quo
976 942 1035 1005 hoc
1054 942 1216 1024 acciderat,
1240 961 1353 1025 nempe

178 1050 267 1113 brevi
288 1055 360 1133 post
383 1048 517 1113 reditum
542 1049 682 1112 oratoris.

265 1155 344 1220 Tum
372 1158 571 1239 inquiramus
599 1157 632 1218 in
662 1156 680 1235 ξ
711 1155 739 1218 6.
787 1153 851 1217 Ubi
879 1154 1067 1218 describitur
1095 1174 1174 1238 quas
1207 1157 1351 1239 regiones

176 1265 354 1347 praesentia
376 1283 435 1327 sua
457 1281 531 1326 reus
555 1261 768 1325 molestaverit

270 1364 386 1433 ’ἔπειτα
421 1368 456 1434 δὲ
489 1369 546 1432 καὶ
576 1363 737 1452 διώχληκε
765 1361 881 1442 πόλεις
908 1358 1036 1443 πολλὰς
1060 1365 1097 1432 ἐν
1120 1373 1161 1449 τῇ
1185 1361 1355 1456 ἀποδημίᾳ

181 1476 343 1539 Σικελίαν
366 1468 506 1540 Ἰταλίαν
529 1470 797 1559 Πελοπόννησον
819 1475 1003 1538 Θετταλίαν
1023 1467 1272 1559 Ἑλλήσποντον
1293 1468 1356 1539 'Ior-

181 1583 259 1648 νίαν
283 1577 434 1667 Κύπρον.
500 1597 501 1600 ’

268 1690 314 1753 In'
331 1692 462 1755 oratoris
486 1690 669 1753 defensione
698 1689 747 1754 bis
775 1689 994 1752 tantummodo
1019 1688 1143 1772 Cyprus
1171 1691 1355 1774 perstringi-

179 1804 231 1860 tur
254 1796 280 1878 (Ι
304 1797 334 1863 4.
361 1798 444 1878 132.)
469 1802 500 1860 et
522 1796 597 1859 alibi
627 1796 815 1878 generaliter
843 1796 947 1879 agitur
976 1796 1015 1858 de
1042 1797 1209 1860 maritimis
1237 1799 1358 1860 itineri·

181 1902 242 1966 bus
267 1903 363 1984 (137).

270 2009 332 2075 Sed
345 2031 403 2075 our
415 2010 454 2075 ab
467 2011 526 2074 hac
544 2012 711 2096 regionum
732 2013 969 2074 enumeratione
988 2011 1153 2074 veritatem
1171 2010 1358 2095 abrogemus

178 2138 243 2182 non
263 2124 310 2182 est
329 2123 466 2202 (propter
478 2117 494 2180 I
508 2119 580 2181 137.
599 2117 694 2202 145),
714 2137 908 2201 quamquam
926 2123 1147 2201 exspectamus
1166 2121 1359 2183 mentionem

180 2225 392 2307 Macedoniae,
415 2225 470 2289 ubi
494 2229 654 2289 versatum
678 2244 712 2288 se
736 2243 805 2288 esse
828 2225 1008 2288 Andocides
1032 2225 1182 2288 orationis
1202 2226 1240 2288 de
1255 2226 1359 2288 reditu

180 2332 304 2394 habitae
335 2333 353 2412 ξ
387 2333 426 2394 11
456 2351 515 2394 nos
550 2333 648 2396 docet.
704 2330 795 2406 Quod
828 2336 932 2395 tamen
961 2333 1092 2394 minoris
1121 2338 1169 2394 est
1200 2335 1361 2413 momenti,

181 2457 257 2500 oum
281 2439 358 2500 item
380 2438 560 2522 negligatur
583 2438 651 2501 Elis
674 2440 788 2521 inqua
807 2439 884 2502 exul
899 2440 996 2502 vitam
1013 2439 1136 2522 degisse
1155 2459 1174 2502 a
1190 2438 1360 2502 Plutarcho

180 2544 297 2609 dieitur
320 2544 362 2629 (p.
387 2545 470 2625 835).
506 2544 675 2609 Undenam
699 2550 786 2609 tanta
809 2547 988 2630 cognitione
1010 2547 1262 2630 posteriorem
1288 2565 1361 2608 auc-

179 2656 280 2716 torem
320 2671 388 2716 esse
421 2653 599 2736 putandum
644 2652 712 2718 est?
766 2651 813 2716 De
848 2671 947 2717 suone
986 2654 1062 2716 haee
1098 2654 1204 2716 omnia
1244 2650 1359 2715 finxit?

180 2759 298 2821 Parum
334 2759 499 2822 credibile!
545 2760 730 2843 praesertim
757 2780 830 2823 cum
860 2779 941 2842 quae
969 2761 1003 2822 in
1031 2759 1239 2843 sequentibus
1273 2759 1359 2822 subi·

184 2870 356 2949 unguntur

274 2970 430 3050 βασιλέας
448 2962 599 3048 τιολλοδς
617 2967 844 3036 κεκολάκιυεν
863 2961 891 3056 (ᾗ
912 2965 954 3036 ἂν
974 2971 1167 3058 ξυγγένηται
1191 2965 1281 3058 πλην
1301 2980 1363 3035 τοῦ

137 3071 139 3074 ’
180 3080 424 3161 Συρακουσίου
457 3079 650 3145 Διονυσίου·
687 3067 787 3156 οὗτος
825 3079 860 3143 δὲ
894 3072 914 3164 ἢ
947 3076 1091 3144 πάντων
1124 3071 1363 3162 εὐτυχέστατός

187 3185 279 3249 ἐστιν
306 3177 326 3271 ἢ
354 3189 515 3250 πλεῖστον
543 3181 658 3269 γνοίγιη
688 3185 838 3269 διαφέρει
862 3194 934 3251 τῶν
958 3180 1072 3251 ἄλλων
1096 3176 1133 3262 dg
1155 3182 1264 3270 μόνον
1292 3193 1363 3248 τῶν

187 3292 444 3376 συγγενομένων
459 3284 631 3375 Ἀνδοκίδη
656 3285 719 3357 οὐκ
743 3290 938 3378 ἐξηπατήθη

279 3403 404 3484 egregie
427 3401 670 3465 corroborentur
692 3404 792 3485 ipsius
815 3403 861 3466 rei
885 3402 990 3465 verbis

278 3506 375 3570 1145
405 3502 583 3591 φιλότητες
610 3498 696 3591 πρὸς
724 3500 872 3584 ιιολλοδς
900 3509 956 3571 καὶ
980 3507 1134 3586 βασιλέας
1159 3507 1215 3569 καὶ
1238 3501 1363 3581 πόλεις.

275 3613 435 3678 Nimirum
459 3615 493 3677 in
515 3616 692 3679 invectivae
714 3617 783 3679 looo
808 3617 976 3680 difficultas
1001 3615 1156 3698 quaedam
1180 3617 1269 3679 inest.

275 3720 506 3803 Syracusarum
561 3723 646 3785 enim
700 3724 946 3787 dominationem
1002 3721 1176 3804 Dionysius
1234 3723 1367 3805 arripuit

185 3825 431 3913 ann0406l5.1)
477 3827 595 3892 Tamen
619 3831 709 3894 initio
733 3833 801 3893 eius
830 3832 971 3914 regimen
1000 3830 1143 3893 nondum
1173 3829 1265 3892 firmo
1294 3829 1365 3891 fun-

183 3937 331 4000 damento
356 3936 517 4015 nitebatur
540 3956 645 4020 neque
668 3944 716 4001 est
743 3937 915 4021 probabile,
943 3938 1141 4002 Andocidem
1170 3939 1252 4000 inter
1280 3955 1367 3998 arma

184 4053 224 4104 ao
258 4043 389 4107 discidia
424 4045 544 4107 civium
577 4050 749 4125 tyrannum
782 4046 904 4109 adiisse.
957 4045 1042 4128 Ergo
1078 4047 1208 4108 ineunte
1240 4043 1366 4105 dernuni

282 4272 301 4340 ¹)
322 4273 412 4340 Grote,
432 4273 539 4327 Grieuh.
560 4274 720 4328 Gesohichte
740 4275 764 4326 V
784 4275 835 4328 665
854 4275 886 4326 ff.
