3074 4936
605 325 822 386 -29-

129 503 167 565 de
191 503 294 565 reditu
319 501 424 564 habita
447 503 551 585 ipsum
576 520 644 564 sese
663 507 782 584 patrem
809 502 1011 565 denuntiasse
1033 499 1172 584 profiteri
1192 519 1302 583 quam-

131 612 179 672 vis
199 608 341 672 obscuris
361 607 491 672 verbis.“
525 606 627 688 (Quod
648 627 705 690 ego
724 626 813 690 nego.
854 607 895 671 Se
919 607 1067 671 detulisse
1090 609 1156 691 ipsc
1175 607 1301 690 quidem

132 718 285 798 concedit,
300 722 419 800 patrem
431 734 465 778 sc
475 714 626 778 detulisse
635 734 794 797 nusquam
811 715 894 778 dicit.
919 714 1021 777 Immo
1037 733 1112 777 vero
1128 715 1166 777 ad
1183 720 1301 797 patrem

130 824 321 886 servandum
347 841 380 884 se
404 822 606 885 denuntiasse
630 820 766 884 affirmat
789 821 822 883 11
843 822 860 882 7
881 824 951 905 sq).

220 927 336 992 Contra
364 926 433 992 eius
462 929 765 1012 argumentationem
794 929 870 991 haec
900 930 1038 1012 reputari
1066 930 1170 992 velim.
1217 927 1303 990 Num

130 1037 364 1120 aliquantillum
395 1035 623 1119 probabilitatis
654 1034 761 1116 babet,
791 1055 880 1099 reum
910 1037 944 1098 in
975 1035 1030 1098 lite
1061 1034 1186 1117 capitali
1215 1033 1305 1096 nulla

130 1144 315 1207 necessitate
346 1148 489 1207 coactum
518 1144 552 1204 in
581 1144 774 1205 mentionem
802 1143 941 1206 incidere
968 1143 1014 1205 roi
1041 1146 1105 1204 tam
1135 1141 1241 1224 gravis
1268 1159 1305 1203 ac

93 1272 96 1278 ⁴
131 1250 346 1335 periculosae?
382 1249 475 1313 Gradi
498 1269 562 1313 non
585 1254 687 1333 potest
712 1268 782 1313 eum
809 1250 982 1333 quidquam
1006 1248 1157 1332 repellere
1179 1246 1305 1309 studere

133 1357 217 1440 quod
235 1375 408 1420 memorare
424 1357 492 1420 eius
509 1357 637 1419 omnino
654 1376 716 1420 non
734 1357 836 1419 refert.
871 1357 920 1419 Ac
936 1376 976 1420 ne
991 1356 1157 1418 minimum
1176 1354 1303 1436 quidem

131 1483 167 1527 ca
196 1483 231 1527 re
258 1464 399 1526 lucratus
423 1468 512 1527 esset.
558 1462 652 1526 Hanc
675 1463 714 1526 cb
738 1483 865 1526 causam
890 1463 1037 1547 equidem
1060 1461 1137 1523 mihi
1160 1463 1303 1545 persuasi

130 1570 197 1633 fieri
222 1590 284 1634 non
309 1589 400 1654 posse
424 1571 502 1654 quin
527 1571 694 1654 opinemur
716 1570 873 1634 Andocidi
897 1570 977 1633 illud
1000 1569 1123 1632 facinus
1147 1568 1304 1631 obiectum

131 1697 209 1759 esse,
231 1678 264 1740 id
289 1677 373 1760 quod
392 1679 425 1739 in
445 1679 602 1741 contraria
622 1697 717 1759 quam
738 1677 847 1740 dicunt
866 1679 1006 1740 oratione
1026 1676 1226 1759 requirimus,
1249 1674 1305 1737 ubi

131 1791 236 1848 tamen
265 1785 372 1848 deesse
400 1803 503 1867 neque
533 1789 654 1867 poterat
682 1791 786 1867 neque
817 1782 958 1847 debebat.
1004 1782 1085 1846 Nam
1114 1783 1153 1844 iis
1177 1801 1304 1865 qnoque

132 1893 187 1974 qui
207 1892 452 1974 deuterologium
476 1896 589 1974 putant
612 1909 680 1954 esse
703 1892 894 1954 invectivam
913 1889 1150 1953 concedendum
1171 1890 1238 1970 crit,
1261 1889 1302 1951 si-

132 1999 225 2062 modo
245 2000 417 2061 amiccrum
438 2006 707 2081 cognatorumque
727 1997 841 2061 delatio
860 1998 889 2061 ei
908 1996 1096 2081 exprobrata
1112 2000 1167 2078 est,
1185 2014 1303 2079 nequa-

110 2109 227 2189 'quam
257 2105 353 2168 simul
376 2108 474 2188 patris
498 2106 768 2168 denuntiationem
792 2105 910 2188 negligi
933 2106 1081 2188 potuisse.
1127 2101 1198 2166 Hoc
1221 2103 1305 2166 enim

131 2214 354 2297 gravissimum
378 2217 445 2276 crat
468 2231 694 2294 summumque
717 2211 841 2275 valebat
870 2211 909 2274 ad
937 2212 1078 2275 iudicum
1109 2212 1186 2272 iram
1217 2210 1306 2272 insti·

131 2318 277 2401 gandam.

222 2425 334 2508 Neque
365 2445 557 2508 quemquam
588 2425 680 2488 nobis
711 2426 977 2488 contradicturum
1011 2443 1079 2487 esse
1109 2422 1243 2486 arbitror
1272 2426 1305 2485 in

132 2538 219 2617 parte
248 2535 398 2596 orationis
426 2534 542 2596 amissa
568 2535 665 2617 patris
694 2533 880 2597 delationem
911 2532 1066 2616 prolatam
1089 2550 1165 2595 esse.
1214 2528 1305 2604 Quod

132 2640 337 2723 improbabile
361 2646 408 2704 est
435 2641 497 2703 iam
521 2641 604 2722 inde,
628 2641 713 2724 quod
737 2642 768 2702 in
790 2642 875 2721 523,
898 2639 954 2703 ubi
973 2639 1127 2702 sermonis
1151 2642 1304 2701 contextu

133 2747 318 2829 postulatur,
342 2753 425 2810 certe
448 2766 511 2810 non
536 2749 688 2810 omissum
721 2753 812 2810 esset.

223 2851 333 2917 Simile
352 2855 472 2937 aliquid
492 2855 583 2918 nobis
602 2855 807 2918 iudicandum
828 2856 887 2918 erit
907 2855 944 2917 de
963 2854 1060 2917 altera
1079 2854 1305 2917 criminatione.

133 2961 317 3025 Secundum
340 2961 436 3025 verba
460 2962 633 3025 Andocidis
657 2962 857 3041 (tto-121)
883 2981 956 3025 reus
984 2962 1128 3044 arguitur
1155 2961 1188 3022 in
1212 2959 1306 3023 Eleu-

132 3070 215 3131 sinio
240 3070 493 3152 supplicatorium
517 3070 673 3153 virgulam
699 3070 888 3153 deposuisse.

225 3177 286 3238 110
312 3172 544 3262 κατηγόρησαν
565 3174 601 3238 da'
618 3198 683 3258 μου
703 3177 856 3259 καὶπερὶ
876 3182 933 3259 τῆς
953 3172 1119 3260 ἱκετηρίας
1139 3168 1185 3250 ὡς
1209 3198 1308 3238 κατα-

134 3283 233 3367 θείην
258 3272 324 3364 ἐγώ
348 3279 385 3345 ἐν
408 3290 457 3366 τῷ
482 3275 678 3366 Ἐλευσινίῳ,
703 3278 806 3365 νόμος
830 3274 861 3346 d'
885 3281 935 3367 εἴη
958 3277 1109 3366 πάτριος)
1134 3271 1171 3357 ὃς
1196 3273 1238 3345 ἂν
1261 3288 1309 3363 θῇ

135 3386 304 3475 ἱκετηρίαν
328 3385 502 3454 τεθνάναι.

222 3497 260 3560 In
284 3497 416 3580 Lysiaca
440 3503 560 3579 autem,
585 3519 680 3582 quam
708 3499 884 3582 respexisse
912 3497 1109 3561 Andocidem
1141 3498 1174 3559 in
1204 3496 1309 3560 defen-

124 3606 221 3668 sione
244 3605 385 3687 credunt,
409 3606 497 3667 nulla
531 3606 674 3688 virgulae
707 3606 858 3688 supplicis
889 3606 1007 3668 mentio
1035 3605 1078 3668 fit.
1125 3605 1174 3667 Ac
1204 3609 1308 3668 tamen

132 3714 166 3774 in
202 3712 333 3796 epilogo,
368 3711 424 3775 ubi
457 3718 673 3775 accusatorum
704 3718 862 3774 momenta
893 3711 1028 3775 breviter
1062 3717 1247 3795 repetuntur
1279 3717 1311 3776 et

133 3821 151 3900 ξ
177 3822 218 3882 52
248 3841 311 3904 qua
335 3821 374 3884 dc
397 3821 557 3904 impietate
585 3820 630 3882 rei
654 3820 766 3903 agitur,
789 3819 878 3882 locus
902 3824 969 3882 crat
996 3821 1178 3903 aptissimus
1204 3821 1309 3883 crimi-

27 3981 32 3990 .
132 3928 182 3988 nis
201 3927 251 3989 vel
272 3927 421 3991 afferendi
439 3929 489 3991 vel
498 3926 669 4011 repetendi.
705 3925 862 3989 Abhorret
879 3931 985 3990 autem
1001 3947 1019 3989 a
1035 3928 1310 3990 verisimilitudine

134 4029 242 4111 flagitii
265 4037 457 4099 mentionem
483 4036 598 4120 sperni,
622 4036 685 4119 cni·
698 4053 738 4096 ex
762 4043 980 4098 accusatorum
1004 4035 1095 4097 dictis
1118 4035 1309 4118 supplicium

135 4141 289 4200 statutum
317 4147 406 4204 esset.
453 4141 558 4217 Quare
587 4162 628 4206 ne
655 4143 687 4204 in
717 4142 931 4224 deuterologia
961 4141 1090 4225 quidem
1113 4141 1145 4203 id
1174 4146 1311 4224 practor-

137 4245 217 4307 mitti
241 4247 352 4327 potuit.
