3074 4936
655 303 872 364 ..28ss

177 470 262 565 πρὸς
291 474 436 564 ἑσπέραν
460 479 514 544 καὶ
545 480 735 560 φοινικίδας
764 470 940 544 ἀνέσεισαν
964 469 1049 543 κατὰ
1077 469 1117 543 τδ
1142 474 1285 563 νόμιμον
1308 469 1350 544 τδ

177 578 324 652 παλαιὸν
347 589 404 651 καὶ
428 579 576 670 ἀρχαῖον.

267 695 426 759 Devotum
442 697 539 778 igitur
551 695 747 759 Andocidem
767 715 786 758 a
804 695 1018 759 sacerdotibus
1038 714 1106 759 esse
1125 695 1199 758 hinc
1218 714 1351 779 cognos-

178 804 287 866 cimus.
326 801 414 877 Quae
438 798 563 866 devotio
587 803 669 865 sitne
692 821 800 866 revera
823 801 904 865 faeta
927 821 1116 886 magnopere
1140 802 1351 866 dubitandum

178 915 232 975 est.
268 909 435 993 Nusquam
458 909 542 992 apud
565 910 664 972 alium
687 910 870 992 scriptorem
894 909 1068 993 quidquam
1092 911 1150 973 hac
1174 910 1212 973 de
1235 928 1269 972 re
1287 915 1351 972 tra-

179 1018 280 1080 ditum
301 1035 370 1081 esse
389 1017 507 1080 omitto.
544 1018 587 1080 At
605 1021 726 1080 constat
746 1016 921 1080 Alcibiadis
941 1018 1095 1101 exemplo,
1113 1019 1274 1081 hominem
1299 1017 1351 1081 de·

177 1129 290 1187 votum
309 1124 342 1185 in
361 1123 493 1207 patriam
513 1123 614 1187 redire
633 1144 697 1187 non
715 1125 857 1208 potuisse
877 1125 939 1187 nisi
957 1129 1049 1187 antea
1068 1130 1243 1189 resacratus
1259 1129 1352 1188 esset.

131 1226 134 1233 ’
178 1230 273 1310 (Plut.
297 1229 398 1292 Alcib.
429 1249 453 1293 c.
474 1231 524 1292 22.
554 1250 579 1293 c.
600 1232 650 1294 33.
680 1229 772 1296 Corn.
791 1230 869 1316 Nep.
889 1231 957 1294 Alo.
978 1231 1017 1314 6).
1065 1230 1260 1316 Quapropter
1286 1232 1352 1294 iam

178 1336 295 1400 Sluiter
325 1339 364 1420 (p.
391 1337 441 1418 72)
471 1342 501 1399 et
524 1336 697 1401 Hoelscher
720 1340 759 1420 (p.
781 1337 833 1416 62)
858 1338 1088 1420 iudicaverunt,
1111 1338 1198 1402 illius
1221 1357 1352 1401 causam

178 1445 218 1506 in‘
230 1443 426 1507 Andocidem
444 1444 627 1507 translatam
647 1463 714 1508 esse
733 1444 772 1507 ab
791 1446 968 1508 invectivae
986 1451 1114 1509 auctore
1132 1450 1163 1508 et
1177 1449 1352 1528 utrumque

178 1550 344 1614 contusum
372 1569 441 1614 esse
465 1551 497 1613 id
522 1551 605 1634 quod
629 1556 756 1635 propter
778 1552 916 1635 spatium
939 1552 1070 1635 longum
1093 1551 1185 1616 facile
1208 1552 1352 1615 accidere

179 1662 291 1742 posset.
344 1660 388 1721 At
415 1659 470 1719 vix
500 1658 605 1721 decem
636 1660 712 1720 anni
740 1657 1036 1743 praeterfluxerant,
1063 1660 1108 1722 ita
1137 1664 1174 1723 ut
1203 1657 1353 1722 credibile

179 1783 241 1828 non
270 1766 323 1847 sit,
350 1785 407 1849 per
429 1765 692 1829 confusionem
715 1767 776 1829 tale
800 1766 877 1849 quid
900 1766 1087 1829 translatum
1111 1785 1179 1830 esse
1202 1765 1240 1828 ab
1265 1765 1352 1828 Aloi-

178 1871 270 1935 biade
293 1873 325 1934 in
344 1871 557 1951 Andocidem,
583 1873 680 1936 immo
704 1874 775 1936 odio
795 1877 987 1936 commotum
1006 1872 1221 1936 adversarium
1240 1872 1279 1936 de
1298 1871 1353 1935 de-

179 1980 306 2042 votione
335 1981 381 2042 rei
412 1979 530 2043 dixisse
558 1983 741 2043 statuemus.
793 1978 931 2042 Ournam
960 1983 1065 2042 autem
1093 1984 1258 2043 accusatus
1285 1984 1352 2043 tam

177 2086 335 2169 profundo
363 2086 488 2149 silentio
517 2087 575 2149 hoc
603 2088 826 2170 gravissimum
856 2085 1006 2169 despicit?
1057 2085 1202 2151 Profecto
1230 2091 1352 2150 certum

178 2197 226 2255 est
249 2211 323 2256 eum
346 2193 489 2256 Athenas
512 2194 628 2257 reverti
651 2194 800 2277 nequisse
823 2193 884 2255 nisi
907 2199 1109 2259 resacratum.
1155 2195 1267 2277 ltaque
1292 2194 1353 2257 hec

179 2299 380 2384 opprobrium
406 2302 432 2364 si
456 2302 486 2364 ei
509 2301 542 2363 in
565 2301 620 2364 lite
644 2301 801 2364 obiectum
825 2305 916 2381 esset,
939 2320 1015 2364 sane
1037 2320 1100 2364 non
1124 2301 1353 2384 praetermisis-

178 2412 233 2488 set,
244 2427 315 2471 oum
327 2409 357 2471 ei
368 2409 553 2491 simpliciter
564 2408 595 2471 id
605 2408 743 2492 proferre
753 2409 870 2487 liceret,
880 2409 913 2469 in
924 2409 1028 2492 ipsum
1038 2409 1170 2470 hoenon
1182 2407 1352 2471 convenire

180 2515 295 2598 quippe
315 2517 370 2599 qui
391 2517 451 2578 iam
473 2515 594 2577 dudum
618 2515 815 2578 sacerdotum
839 2516 1049 2578 resacratione
1071 2516 1237 2578 restitutus
1260 2518 1351 2578 esset

267 2619 390 2685 Deinde
413 2622 491 2684 milri
514 2622 656 2704 persuasi
685 2620 808 2684 duobus
837 2622 907 2684 aliis
934 2620 1128 2702 criminibus,
1158 2639 1239 2704 quae
1267 2620 1352 2703 apud

179 2727 375 2791 Andocidem
399 2728 562 2810 leguntur,
589 2748 608 2791 a
633 2726 793 2808 Ps-Lysia
821 2729 1035 2810 negliguntur,
1058 2727 1183 2811 probari
1211 2733 1352 2790 nostram

178 2853 242 2896 non
266 2852 334 2897 esse
356 2834 522 2899 forensem.
568 2832 646 2898 Dico
674 2836 729 2899 illa
758 2836 796 2899 de
823 2836 921 2919 patris
950 2835 1105 2898 delatione
1128 2836 1158 2917 (ξ
1182 2835 1234 2914 19)
1259 2834 1352 2897 etde

179 2942 258 3003 rami
282 2942 431 3024 supplicis
455 2942 648 3025 depositione
672 2941 812 3026 (§110).

267 3047 487 3130 indignatione
525 3049 661 3133 quadam
696 3049 911 3113 inflammatus
944 3048 1125 3112 Andocides
1158 3048 1176 3128 ἓ
1206 3049 1247 3111 19
1277 3065 1352 3111 oon-

179 3156 384 3238 conqueritur
407 3155 467 3218 sibi
490 3156 686 3220 adversarios
710 3176 773 3220 non
797 3155 890 3220 modo
914 3157 1138 3238 mysteriorum
1159 3155 1350 3238 profanatio·

179 3281 264 3345 nem,
287 3262 342 3339 sed
366 3263 460 3326 etiam
483 3264 581 3347 patris
605 3264 874 3327 denuntiationem
899 3264 1023 3326 crimini
1047 3262 1204 3325 tribuisse.
1252 3259 1351 3326 (luins

179 3370 337 3455 opprobrii
360 3371 392 3432 in
417 3372 616 3434 accusatione
635 3391 717 3455 quae
735 3371 834 3435 fertur
852 3372 977 3435 nullum
996 3375 1044 3434 est
1063 3371 1246 3452 vestigium,
1272 3368 1352 3431 nihil

178 3479 206 3538 ei
230 3476 422 3560 exprobatur
446 3478 507 3541 nisi
531 3477 615 3561 quod
639 3479 756 3541 amieos
780 3478 955 3562 affinesque
977 3477 1151 3560 prodiderit

268 3585 352 3664 §23
386 3583 442 3646 καὶ
471 3578 611 3668 ἐμήνυσε
637 3582 813 3667 δεδεμένος
840 3574 926 3648 κατὰ
954 3590 1026 3647 τῶν
1050 3575 1156 3646 αὑτοῦ
1181 3587 1351 3665 συγγενῶν

179 3690 235 3753 καὶ
259 3690 378 3770 φίλων.

268 3796 370 3872 Quam
395 3817 470 3879 rem,
495 3818 576 3882 quae
600 3799 765 3862 manifesto
790 3804 930 3863 evertere
954 3799 1081 3861 videtur
1105 3797 1201 3860 Zuttii
1225 3802 1350 3860 senten-

178 3907 263 3987 tiam,
280 3905 331 3968 hio
350 3906 460 3968 tollere
475 3906 590 3988 studet,
606 3905 768 3970 affirmans
787 3909 829 3989 (p.
847 3902 877 3992 9)
890 3904 1069 3988 „probabile
1085 3923 1153 3967 esse
1172 3905 1246 3967 talia
1264 3923 1352 3988 pror-

178 4033 232 4076 sus
261 4032 324 4075 non
353 4012 393 4075 ab
421 4012 656 4076 accusatoribus
685 4012 806 4095 prolata
836 4030 913 4074 esse.
969 4010 1085 4074 Tamen
1120 4010 1158 4074 ab
1188 4011 1352 4074 Andocide

177 4121 301 4203 copiose
324 4121 384 4183 lroc
411 4122 550 4203 tractari,
580 4119 664 4203 quod
693 4119 843 4182 radicitus
871 4120 988 4182 crimen
1020 4119 1099 4182 illud
1129 4120 1351 4203 pravissimum

177 4229 273 4308 patris
304 4227 398 4291 delati
425 4228 567 4290 refellere
591 4246 626 4289 ac
650 4227 753 4290 delere
778 4226 920 4289 voluerit.
969 4225 1078 4289 Priore
1102 4228 1185 4288 enim
1211 4226 1352 4289 oratione
