3074 4936
655 325 872 390 ..32-,

268 507 300 562 et
328 503 346 581 ᾗ
373 504 411 564 16
443 493 533 583 ἔηνις
563 500 597 563 di·
627 493 723 565 αὐτοὶ
755 498 787 564 οί
818 494 1035 585 ἀδικηθέντες
1063 505 1140 584 arpi
1169 499 1349 580 ἐλάττονος

180 611 333 670 ποιεῖσθε
357 601 399 669 ad
414 599 501 689 παρ’
529 599 603 690 ὑμῖν
629 604 751 691 νόμιμα
774 601 794 692 ἢ
818 605 926 687 ἕτεροι
950 601 991 671 ad
1015 601 1165 693 ὑμέτερα.

269 713 443 799 Utriusque
466 717 526 779 loci
550 716 645 780 verba
669 717 899 799 quodammodo
924 719 1158 780 criminationes
1177 719 1210 780 in
1230 719 1349 782 iudices

180 824 264 904 ipsos
282 824 454 904 continent,
472 842 546 886 cnm
564 824 629 886 illic
649 823 865 906 exprobretur,
883 827 992 906 gravia
1011 824 1128 887 scelera
1145 825 1185 887 iis
1204 826 1266 887 iam
1285 845 1349 888 non

179 929 288 1011 gravia
311 949 379 992 esse
401 931 511 1012 videri,
534 930 586 993 hic
608 929 647 992 ab
672 929 734 993 11111
759 931 843 1013 teges
866 931 984 1013 patrias
1008 935 1038 994 et
1056 931 1201 994 instituta
1220 933 1351 996 minoris

180 1037 338 1099 aestimari
363 1056 458 1119 quam
487 1036 525 1099 ab
553 1039 694 1100 externis
722 1037 911 1100 bominibus.
959 1037 1072 1100 Verbis
1101 1037 1217 1101 tatibus
1245 1044 1352 1103 autem

180 1147 377 1206 accusatores
401 1142 461 1206 sibi
483 1145 568 1228 ipsos
592 1164 705 1208 nocere
727 1145 945 1227 invidiamque
968 1144 1108 1207 iudicum
1133 1165 1260 1209 movere
1283 1165 1354 1229 pro·

180 1250 261 1312 clive
284 1255 332 1313 est
355 1253 507 1316 coniecta.

272 1355 311 1418 In
335 1357 373 1420 iis
398 1377 480 1441 quae
504 1359 607 1423 adbuc
630 1361 771 1443 exposui,
800 1380 871 1423 curn
897 1358 1114 1443 probabilitate
1143 1360 1278 1442 quadam
1302 1379 1353 1422 me

187 1463 453 1528 demonstravisse
471 1465 594 1529 confido
623 1468 656 1528 in
673 1467 857 1529 Andociden
882 1486 944 1529 non
970 1471 1093 1530 exstare
1117 1469 1351 1551 responsionem

183 1571 221 1633 ad
253 1589 288 1634 ea
318 1591 399 1654 quae
432 1575 465 1634 in
501 1572 699 1655 Ps.·Lysiaea
732 1574 891 1657 leguntur.
942 1575 1091 1637 Attamen
1122 1573 1196 1637 Zutt
1223 1575 1352 1637 invecti·

183 1697 254 1741 vam
279 1698 388 1741 revera
415 1699 472 1762 pro
501 1683 700 1744 accusatione
718 1686 786 1744 tum
812 1685 898 1744 orata
923 1681 1121 1744 statuendam
1147 1700 1215 1745 esse
1233 1680 1354 1745 studuit

182 1787 335 1852 evincere.

272 1892 370 1957 Cuius
394 1901 579 1978 argumenta
602 1897 779 1958 accuratius
803 1915 889 1958 nunc
912 1896 1124 1979 inspiciamus.

275 2000 472 2065 Adversatur
498 2004 548 2065 vir
577 2003 686 2065 doctus
716 1998 755 2089 (p.
775 2003 807 2084 4)
839 1999 968 2065 Siniteri
991 2002 1117 2085 iudicio,
1142 2003 1194 2084 qui
1220 2002 1259 2084 (p.
1282 2000 1356 2080 168)

184 2125 225 2168 ex
249 2108 289 2188 ξς
309 2106 379 2188 Lys.
402 2109 442 2171 19
462 2115 492 2172 et
515 2111 597 2173 And.
620 2110 681 2171 137
702 2111 891 2194 comparatis
922 2115 1086 2172 censuerat
1111 2109 1149 2171 ad
1174 2106 1270 2171 verba
1290 2108 1356 2169 An-

184 2213 303 2277 docidis
332 2217 563 2281 accusationem
591 2237 659 2281 esse
687 2217 836 2299 effictam,
863 2237 929 2280 non
958 2218 1104 2300 scriptam
1128 2214 1167 2278 ab
1191 2215 1356 2277 Andocide

185 2321 409 2405 defensionem,
433 2330 468 2386 nt
491 2323 642 2406 Lysiacae
666 2326 870 2408 disputationi
893 2325 1101 2408 responderet.

273 2429 446 2513 Postquam
476 2451 549 2495 reus
583 2433 622 2495 de
649 2433 797 2516 periculis
825 2431 921 2495 verba
953 2431 1040 2513 fecit,
1072 2430 1188 2514 quibus
1217 2430 1249 2491 in
1279 2429 1359 2490 mari

184 2537 420 2601 circumventus
444 2541 492 2619 sit,
516 2542 561 2602 sic
583 2542 685 2624 pergit

279 2647 338 2708 137
366 2640 437 2707 εἶτα
463 2643 494 2708 οἱ
518 2645 579 2728 μὲν
604 2648 680 2710 θεοὶ
707 2645 743 2709 ἐκ
767 2641 943 2710 τοσούτων
967 2639 1138 2708 κινδύνων
1163 2638 1291 2726 ἔσῳζόν
1313 2664 1354 2725 με

185 2758 281 2829 σφῶν
315 2751 349 2815 dt
383 2744 497 2815 αὐτῶν
529 2749 785 2839 προοστησαντο
819 2742 967 2836 τιμωρὸν
999 2750 1158 2835 γενέσθαι.
1183 2751 1360 2833 Κηφίσιον,

184 2851 246 2921 τὸν
270 2855 511 2944 πονηρότατον
534 2869 605 2924 τοῖν
628 2852 813 2946 Ἀθηναίων
837 2864 906 2923 κτλ.

276 2967 393 3030 Eadem
421 2972 573 3032 sententia
600 2969 750 3092 Lysiacae
773 2967 877 3031 verbis
901 2967 1042 3030 subiecta
1066 2987 1112 3028 esa
1135 2966 1183 3027 bis

188 3076 317 3264 &g
323 3067 410 3137 19
397 3098 414 3137 c
445 3074 480 3138 de
509 3066 591 3166 θεὸς
626 3068 750 3160 rrnr'yyen
774 3063 878 3136 αὐτὸν
908 3071 962 3136 tta
996 3065 1200 3154 ιίφικόιιενος
1233 3075 1278 3143 είς
1310 3058 1352 3130 ad

278 3290 369 3354 His
362 3311 393 3353 rn
418 3291 523 3354 verbis
534 3216 635 3353 illud
648 3284 809 3378 προφάσει
828 3308 993 3373 perperam
1012 3308 1080 3351 esse
1100 3288 1248 3350 traditum
1267 3283 1363 3365 idque

188 3399 449 3462 commutandum
473 3400 505 3460 in
527 3389 735 3486 ςπροοιοιοίηί
761 3396 896 3459 affirmat
919 3395 1051 3459 Zuttius.

279 3504 349 3580 Qua
367 3506 586 3569 emendatione
606 3505 709 3568 locum
730 3507 869 3588 accipere
888 3522 1021 3566 acumen
1041 3522 1146 3582 snum,
1165 3520 1237 3563 cum
1253 3497 1364 3581 Cephi-

190 3615 255 3675 sius
288 3623 321 3676 se
355 3614 487 3696 appellet
519 3607 701 3700 προοιάιην
729 3613 780 3694 (sc.
810 3612 874 3676 τῶν
905 3610 1011 3691 θεῶν).
1064 3607 1113 3672 Ob
1138 3607 1167 3669 id
1192 3608 1296 3690 ipsum
1324 3603 1364 3666 ab
1422 3630 1431 3644 ·

193 3721 355 3782 Andocide
379 3722 468 3783 illudi

280 3829 446 3912 Κηφίσιον
465 3850 527 3891 τον
546 3823 780 3912 πονηρότατον
800 3833 870 3890 τῶν
887 3819 1072 3909 1111111111
1092 3821 1141 3884 ὠν
1162 3808 1264 3894 οὗτός
1284 3834 1365 3902 φησι

192 3937 331 4057 ηιολίτης
360 3930 444 3998 εἶναι
472 3926 535 3998 οὐκ
565 3927 624 4013 dv,
653 3959 681 4018 η)
706 3927 782 3997 odo'
807 3927 901 4015 ίμων
925 3937 995 3993 τῶν
1024 3927 1230 4012 antipatrem
1255 3917 1365 3997 01111111·

193 4035 235 4106 dr
260 4042 471 4125 ἐπιτρίψειεν
495 4036 596 4105 οὐδὲν
619 4065 689 4104 τιον
714 4039 811 4103 ἰι1ίο11
836 4028 934 4113 11111111·
956 4044 1082 4100 τοῦτοι
1106 4030 1177 4109 oica
1202 4031 1301 4095 ἐστίν

282 4153 326 4214 At
351 4154 426 4215 baec
449 4153 628 4214 coniectura
654 4150 700 4211 vei
730 4148 803 4210 inde
833 4152 976 4229 suspecta
1004 4145 1155 4220 redditur,
1187 4140 1272 4224 qnod
1296 4138 1370 4201 Zntt

193 4262 405 4346 praeiudicata
441 4261 587 4343 opinione
625 4259 749 4336 nititur,
788 4253 983 4318 Andocidem
1017 4252 1056 4314 ad
1090 4249 1241 4332 Lysiacae
1275 4245 1372 4308 verba
