3074 4936
656 341 873 402 „31-

264 521 344 584 164
378 513 424 595 ὡς
453 506 514 582 οὖν
543 504 584 601 ἦν
608 509 707 580 ταῦτ’
731 507 852 600 άληθῆ,
885 510 946 577 τόν
975 536 1010 576 τε
1039 514 1145 578 παῖδα
1178 504 1240 576 τὸν
1270 502 1351 594 ἐμὸν

176 627 358 712 παρέδωκα
382 624 568 704 βασανίσαι.

268 734 460 797 Luculenter
478 733 575 815 igitur
592 733 659 815 ipse
677 730 842 813 profitetur
860 749 987 793 servum
1006 748 1040 792 se
1059 728 1224 792 tradidisse
1241 747 1351 810 quam·
1455 709 1457 713 ’

178 862 273 925 quam
304 859 505 924 nequaquam
535 839 689 902 rationem
719 836 812 900 habet
842 837 1018 900 invectivae
1050 832 1083 916 §³
1104 836 1193 914 21⁸0,
1223 854 1295 897 cum
1326 834 1353 897 si

177 950 274 1012 huius
296 948 359 1011 loci
382 947 632 1010 criminationem
654 944 836 1026 audivisset,
859 947 943 1008 certe
961 944 1163 1006 vehementer
1182 941 1353 1005 obstitisset

177 1055 305 1119 crimini
330 1055 414 1117 servi
436 1053 615 1136 interempti
639 1071 675 1114 ac
698 1070 754 1134 pro
779 1051 942 1132 mendacio
967 1050 1164 1113 declarasset.

267 1161 348 1226 Item
372 1180 437 1224 non
457 1164 563 1243 aperte
582 1178 616 1222 se
635 1159 789 1222 convertit
807 1158 840 1221 in
859 1158 939 1220 illud
958 1154 1081 1221 ἐδέδετο
1100 1150 1188 1241 ἐγγὺς
1206 1149 1355 1220 intucaris

178 1256 209 1350 (ἕ
223 1270 278 1350 23)
295 1267 380 1351 quod
395 1266 589 1330 hauddubie
605 1263 683 1329 falec
698 1284 766 1329 esse
780 1263 971 1328 affirmatum
986 1284 1082 1347 supra
1101 1264 1353 1326 monstravimus.

268 1375 382 1458 Neque
405 1373 548 1437 consulto
572 1377 699 1436 revocat
721 1372 761 1436 ad
784 1391 880 1455 grave
904 1371 984 1435 illud

271 1471 384 1564 ἐπειδὴ
412 1469 611 1558 ἀπεκτονώς
634 1465 676 1562 ἦν
700 1467 758 1555 οὓς
781 1467 884 1553 αὐτὸς
908 1472 972 1562 ἔφη
995 1477 1072 1561 περὶ
1096 1475 1256 1541 πλείστου
1280 1498 1354 1538 ποι-

181 1599 230 1650 εῖν
255 1591 284 1670 (ξ
306 1590 359 1666 23)
384 1592 416 1650 et
719 1585 721 1588 ’

269 1690 395 1780 ἑτέρων
421 1685 475 1759 διά
500 1701 605 1757 ταῦτα
625 1684 881 1757 ἀποθανόντων
905 1695 933 1774 (ᾗ
953 1693 1006 1771 43)

269 1803 324 1865 sed
348 1803 448 1885 magis
472 1801 573 1865 obiter
595 1803 628 1862 in
653 1801 803 1864 orationis
826 1798 959 1862 flumine
982 1799 1020 1861 de
1045 1798 1119 1860 viris
1144 1802 1212 1860 tum
1232 1797 1354 1859 denun-

184 1910 267 1972 tiatis
293 1909 450 1972 exclamat
1061 1913 1063 1917 ’

273 2017 358 2096 §53
396 2013 429 2078 οἳ
456 2021 519 2079 νῦν
550 2018 631 2094 ζῶσι
665 2013 721 2076 καὶ
759 2008 1039 2100 κατεληλύθαοιν
1063 2012 1118 2074 καὶ
1155 2006 1287 2092 ἔχουσιν
1314 2001 1356 2072 τά

183 2121 329 2204 σφέτερα
353 2114 467 2185 αὐτῶν

270 2250 351 2312 quae
392 2231 501 2294 eadem
542 2234 727 2312 repetuntur
764 2230 803 2309 ἕξ
840 2230 882 2290 59
915 2232 946 2290 et
978 2227 1029 2289 67.
1082 2226 1195 2309 Itaque
1233 2230 1357 2289 nostrae

182 2337 332 2398 orationis
354 2336 553 2398 firmamenta
571 2335 769 2398 Andocidem
793 2336 827 2397 in
851 2334 1032 2396 defensione
1059 2336 1199 2416 spectare
1226 2334 1283 2394 vix
1312 2332 1358 2393 di-

181 2444 263 2506 xerit
292 2439 459 2526 quispiam,
486 2442 519 2504 id
543 2443 628 2525 quod
651 2447 756 2505 tamen
781 2440 922 2522 debebat,
950 2441 1033 2503 siin
1056 2439 1201 2502 iudicio
1225 2438 1358 2520 Lysiaoa

185 2568 269 2634 quae
292 2549 392 2613 fertur
415 2554 502 2612 orata
525 2554 615 2612 esset.

274 2657 325 2719 Ad
349 2657 481 2719 eandem
506 2658 694 2720 sententiam
718 2657 876 2739 adigimur
899 2655 1062 2718 nonnullis
1084 2655 1210 2717 indiciis
1231 2673 1271 2717 ex
1290 2655 1358 2717 eius

184 2765 239 2845 qui
262 2764 405 2846 loquitur
428 2781 573 2826 sermone
597 2764 796 2846 depromptis.

272 2869 448 2933 Videamus
472 2870 491 2950 ἓ
520 2871 572 2932 20.

274 2975 397 3056 ἐλπίζω
425 2973 487 3059 μὲν
515 2962 578 3039 οὖν
603 2967 708 3039 αὐτὸν
737 2976 792 3039 καὶ
822 2970 944 3040 δώσειν
970 2975 1076 3059 δίκην,
1105 2970 1298 3057 θαυμάσιον
1323 2974 1358 3038 δὲ

147 3090 151 3096 ’
185 3077 285 3148 οὐδὲν
310 3076 353 3146 άν
375 3107 433 3166 μοι
461 3082 608 3166 γένοιτο·
635 3074 713 3147 οὐδὲ
741 3074 803 3168 γάρ
833 3075 851 3146 ὁ
877 3074 959 3158 θεὸς
986 3089 1185 3167 παραχρῆμα
1214 3077 1359 3162 κολάζει,

184 3183 258 3254 ἄλλ’
283 3181 367 3275 αὕτη
390 3190 451 3272 μέν
476 3189 566 3254 ἐστιν
590 3182 794 3276 anteportis]
819 3191 903 3275 δίκη.

273 3298 412 3363 Difficile
431 3304 479 3363 est
496 3300 650 3363 arbitratu
668 3302 702 3362 in
721 3301 843 3363 actione
867 3299 941 3362 talia
964 3297 1061 3360 verba
1084 3302 1235 3379 usurpata
1258 3299 1359 3377 esse1).

183 3406 265 3468 Nam
289 3408 446 3488 pecularis
475 3407 649 3471 delatorum
673 3408 805 3471 audacia
828 3411 859 3470 et
882 3406 1061 3488 arrogantia
1084 3423 1212 3487 prorsus
1237 3403 1359 3485 desunt,

186 3531 243 3574 nec
257 3511 353 3574 verba
368 3517 432 3573 tam
447 3510 596 3594 ambigua
611 3519 641 3576 et
654 3513 881 3597 propemodum
897 3512 1094 3595 desperantia
1104 3511 1169 3573 ullo
1181 3511 1273 3573 modo
1284 3530 1360 3593 qua-

112 3656 121 3669 ·
185 3617 1358 3702 drantadhominemqualisfuitCephisiusvelsubscriptorumquemquam.

275 3724 426 3788 Similiter
450 3723 575 3787 duobus
599 3725 668 3788 aliis
693 3726 769 3789 locis
792 3727 924 3788 haesitat
947 3744 1049 3788 sermo
1074 3725 1092 3805 ξ
1117 3725 1158 3787 50
1183 3730 1213 3788 et
1238 3726 1256 3806 ξ
1282 3724 1322 3788 16

275 3834 355 3914 §50
381 3822 453 3895 ἄλλ’
478 3828 550 3895 ἐστὲ
574 3821 636 3913 γάρ
666 3821 732 3895 ’ὑπὸ
761 3839 832 3895 των
867 3826 991 3894 τούτου
1020 3821 1265 3916 ἁμαρτημάτων
1296 3822 1357 3918 ἤδη

190 3943 399 4025 καταπλῆγες
424 3929 478 4002 διά
501 3929 541 4002 τὸ
560 3933 724 4014 πολλάκις
743 3936 829 4002 ἰδεῖν
848 3938 905 4001 καὶ
928 3929 1079 4016 άκοῦσαι,
1104 3929 1188 4002 ὥστε
1214 3930 1294 4001 οὐδὲ
1317 3930 1358 3998 τά

189 4038 281 4107 δεινά
308 4043 356 4109 ἐ’τι
381 4040 474 4111 δεινά
500 4046 594 4110 δοκεῖ
619 4037 693 4129 ὑμῖν
717 4039 803 4108 εἶναι

278 4273 297 4340 ¹)
317 4274 352 4327 oi.
372 4274 455 4342 Blassr,
475 4279 528 4330 Att.
548 4278 658 4332 Bereds.
679 4277 702 4331 ²1
721 4295 746 4346 p.
766 4278 826 4331 570.
