3074 4936
658 306 879 370 „40-

272 485 320 554 De
340 490 465 555 duobus
482 488 641 575 prioribus
660 489 782 551 etiamsi
800 486 867 550 fieri
888 488 995 571 possit,
1014 492 1050 551 ut
1063 486 1137 551 ficta
1152 486 1250 552 falsus
1267 487 1356 552 Plut-

182 600 296 662 archus
319 598 447 679 relerat,
477 601 581 660 tamen
606 597 637 658 in
662 596 753 658 tertio
776 594 831 656 illo
854 591 910 658 καὶ
932 588 1103 681 προδιδοὺς
1124 591 1261 683 ληφθείς
1283 614 1355 659 eum

182 707 355 790 quidquam
387 705 572 768 enrentitum
601 721 669 765 esse
696 701 814 764 infitias
841 702 867 764 it
890 700 971 765 Zutt.
992 701 1096 765 Facile
1124 702 1261 766 concedo
1291 703 1357 766 Ps-

183 813 388 876 Plutarchum
417 812 559 874 notitiam
588 828 694 872 rerum
719 808 974 872 Andocidearum
1006 808 1235 893 deprompsisse
1263 811 1357 873 ctiam

181 938 221 983 ex
244 919 410 1000 invectiva,
434 923 465 980 ct
488 936 558 980 eam
581 916 723 979 nondum
739 919 921 998 excerptam
940 916 1124 998 scriptorem
1143 916 1235 980 illum
1253 917 1358 1001 inspe-

181 1029 266 1089 xisse
290 1044 380 1108 nego,
404 1026 479 1107 quia
500 1023 718 1087 commenticia
737 1027 784 1086 est
802 1023 855 1085 illa
875 1023 1012 1085 narratio
1032 1022 1071 1085 dc
1090 1023 1263 1086 Andocidis
1282 1043 1356 1087 con-

185 1134 312 1196 sobrina
336 1137 367 1195 et
390 1151 484 1216 quam
509 1131 648 1193 maxime
671 1128 864 1192 incredibilis
887 1130 973 1192 hisce
996 1129 1034 1192 de
1058 1130 1170 1192 causis.

271 1238 497 1302 Consobrinam
523 1257 613 1301 suam
638 1236 753 1301 dicitur
776 1236 958 1299 Andocides
981 1236 1146 1299 tradidisse
1170 1234 1355 1300 Citiensium

181 1345 307 1428 regulo;
331 1365 403 1408 cum
428 1350 534 1407 autem
551 1343 762 1407 metuendum
786 1347 868 1406 esset
891 1362 931 1406 ne
954 1349 1167 1425 accusaretur,
1190 1343 1272 1406 clam
1294 1343 1356 1407 sut·

181 1453 308 1515 furatus
329 1450 433 1535 Cypro
453 1472 471 1514 a
489 1451 629 1534 principe
648 1450 894 1533 comprehensus
913 1469 988 1514 esse.
1024 1450 1125 1534 Igitur
1144 1452 1176 1514 in
1193 1452 1358 1515 conamine

181 1559 235 1622 illo
255 1564 364 1642 captus
383 1563 439 1639 est,
458 1557 613 1639 siquidem
633 1561 703 1639 post
722 1557 844 1620 facinus
862 1562 1022 1641 peractum
1042 1559 1075 1620 in
1096 1559 1232 1621 insulam
1254 1559 1357 1622 redire

181 1672 264 1728 certe
287 1685 351 1729 non
376 1670 507 1728 conatus
531 1668 585 1727 est.
620 1663 704 1747 Ergo
728 1683 792 1727 non
816 1666 948 1747 contigit
971 1666 999 1728 ei
1023 1671 1058 1728 ut
1077 1666 1232 1749 virginem
1252 1666 1283 1726 in
1304 1684 1358 1748 pa·

182 1773 273 1834 triam
298 1772 461 1835 reduceret
483 1775 513 1833 et
532 1771 674 1834 Athenas
692 1790 817 1835 reverso
837 1770 1001 1835 confestim
1020 1773 1177 1835 accusatio
1197 1771 1357 1854 impende·

90 1893 92 1897 ·
180 1878 240 1942 bat.
287 1880 331 1941 At
363 1878 516 1940 eiusmodi
540 1878 626 1941 litem
651 1879 802 1942 adversus
826 1885 981 1942 oratorem
1004 1880 1155 1942 intentam
1181 1896 1262 1959 esse,
1289 1897 1355 1940 non

180 1984 336 2048 audimus.
374 1981 443 2057 Quo
463 1985 583 2047 accedit
603 1985 687 2067 quod
706 2003 742 2048 co
761 1992 902 2069 tempore
921 2005 984 2068 quc
1003 1986 1033 2048 id
1055 1986 1198 2049 evenisse
1213 1986 1357 2066 traditur,

182 2093 265 2153 inter
288 2110 388 2154 annos
412 2091 475 2153 415
502 2096 532 2154 et
556 2090 619 2153 411
645 2093 752 2153 atimia
775 2090 904 2155 effectus
927 2097 994 2155 erat
1012 2110 1116 2175 neque
1133 2092 1166 2154 in
1187 2091 1265 2154 urbe
1283 2111 1355 2155 cum

180 2202 336 2260 moratum
362 2217 429 2262 esse
451 2197 613 2281 probabile
637 2203 690 2260 est.
726 2197 793 2260 lam
818 2198 891 2260 hinc
915 2204 1052 2281 apparet,
1076 2199 1195 2281 opinor,
1219 2217 1255 2262 ce
1276 2217 1357 2282 quae

137 2313 139 2317 “
180 2304 264 2387 apud
287 2309 446 2368 auctorem
470 2306 607 2367 vitarum
631 2302 665 2367 X
688 2308 846 2367 oratorum
873 2305 1043 2367 memoriae
1065 2305 1271 2389 mandantur,
1299 2304 1356 2368 ali·

180 2412 330 2474 cnissima
353 2429 420 2474 esse
444 2431 462 2473 a
481 2430 555 2473 vero
575 2428 678 2493 neque
697 2411 725 2472 ei
744 2411 827 2473 credi
848 2429 948 2494 posse,
971 2412 1033 2474 tale
1052 2413 1130 2495 quid
1150 2431 1203 2476 reo
1223 2414 1254 2475 in
1274 2414 1357 2476 iudi·

179 2520 227 2582 cio
252 2517 477 2602 exprobratum
501 2536 577 2581 esse.

269 2624 380 2707 Itaque
404 2627 430 2687 si
454 2624 675 2707 amplectimur
694 2644 775 2708 quae
794 2630 980 2709 argumenta
999 2624 1073 2688 Zutt
1091 2627 1302 2709 usurpaverit,
1320 2631 1356 2687 ut

180 2731 270 2793 nobis
293 2731 494 2814 persuaderet
518 2731 598 2792 hanc
618 2730 791 2794 Andocidis
810 2734 1039 2796 accusationem
1061 2751 1078 2794 θ
1096 2733 1237 2815 genuina
1254 2730 1355 2809 forma

179 2840 211 2898 in
237 2836 412 2900 breviorem
437 2844 630 2900 contractam
654 2857 730 2913 esse,
754 2839 983 2903 affirmabimus
1006 2858 1208 2923 nequaquam
1231 2857 1269 2902 ea
1287 2856 1356 2901 esse

180 2949 253 3026 apta
271 2944 457 3027 idoneaque,
476 2944 593 3028 quibus
612 2943 707 3008 fidem
726 2945 908 3029 habeamus,
927 2949 971 3008 ita
989 2951 1025 3008 ut
1044 2965 1100 3029 pro
1116 2951 1200 3010 certo
1216 2950 1355 3008 statuen-

180 3051 254 3113 dum
280 3051 328 3124 sit,
351 3070 513 3134 perperam
538 3052 694 3115 iudicasse
717 3054 822 3115 virum
846 3053 983 3115 doctum.

648 3493 800 3617 Ooput
831 3496 885 3590 V.
941 3540 943 3543 ·

180 3760 285 3852 huid
304 3762 357 3842 de
376 3762 554 3862 Lysiaca
575 3784 684 3861 quae
702 3760 842 3844 fertur
861 3769 987 3845 sexta
1006 3763 1262 3845 censendum
1284 3763 1353 3844 sit.

267 4008 508 4074 Demonstrasse
538 4012 640 4073 adhuc
672 4011 746 4073 mihi
777 4013 898 4094 videor,
929 4013 1106 4096 Lysiacam,
1137 4032 1219 4098 quae
1247 4013 1355 4094 fertur,

180 4135 285 4200 neque
308 4137 364 4199 pro
389 4117 457 4179 rhet
446 4119 521 4180 toris
541 4117 766 4182 inferiorist
717 4124 785 4182 aeta
786 4120 826 4182 tis
845 4121 1069 4203 compositione
1088 4140 1192 4204 neque
1210 4140 1267 4204 pro
1287 4140 1355 4183 cru-

179 4225 265 4286 tionc
293 4223 470 4286 iudici-‘di
463 4244 493 4284 m
524 4226 656 4304 ipset
621 4224 675 4286 lite
704 4231 780 4288 tunc
807 4225 913 4290 habita
940 4246 1044 4310 neque
1074 4247 1129 4311 pro
1153 4230 1291 4310 epitoma
1314 4246 1354 4288 ex
