3074 4936
684 328 904 391 ..10-

298 507 363 592 Ipsi
386 528 439 574 reo
463 528 591 572 causam
617 508 733 571 dicenti
757 506 974 571 subvenerunt
997 508 1174 571 secundum
1198 508 1254 589 §¹²⁰¹
1281 507 1381 570 150111

211 621 338 698 Anytus
365 621 397 680 et
425 615 579 699 Cephalus
608 616 663 697 qui
690 619 759 676 tum
787 614 987 697 popularium
1015 614 1156 698 partibus
1184 617 1380 698 praeerant.¹)

298 723 386 786 Haec
418 723 482 786 fere
517 726 675 805 comperta
709 721 863 784 habemus
891 741 939 791 ⁴err
976 723 1116 785 oratione
1149 723 1187 785 de
1223 724 1381 804 mysteriis

210 831 324 912 habita,
350 849 430 915 quae
453 831 587 892 attinent
600 828 648 891 ‚ad
673 829 761 891 litem
783 830 884 912 ipsam
908 833 1105 892 accusatores
1129 835 1318 892 accusatum.

678 1518 830 1642 Caput
861 1521 917 1613 H.

345 1792 402 1870 De
431 1790 719 1890 Ps-Lysiaoae
748 1790 1017 1887 conscriptae
1046 1792 1279 1913 ternpore.¹

300 2039 321 2102 J
323 2059 373 2101 am
417 2039 566 2100 adeamus
607 2039 779 2100 orationem
825 2038 925 2118 illam,
972 2057 1052 2119 quae
1098 2030 1168 2100 κατ)
1205 2030 1385 2101 Ἀνδοκίδου

211 2148 361 2229 iuscripta
385 2151 439 2206 est.
485 2143 523 2205 ln
548 2145 607 2206 hac
630 2145 830 2206 diiudicanda
854 2145 938 2222 viros
962 2144 1068 2206 doctos
1087 2163 1288 2226 nequaquam
1313 2163 1385 2206 con-

212 2255 330 2337 spirare
353 2253 416 2312 iam
439 2270 534 2333 supra
558 2252 737 2313 memoravi.
773 2250 824 2312 Ex
848 2250 965 2333 quibus
988 2246 1081 2328 arius
1105 2249 1230 2331 Sluiter‚
1253 2252 1292 2313 ad
1317 2270 1385 2313 eam

212 2361 365 2423 adductus
389 2365 436 2421 est
459 2359 654 2432 sententiam,
680 2364 715 2420 ut
737 2359 770 2420 in
794 2366 935 2441 tempora
959 2356 997 2420 ab
1018 2358 1187 2422 Andocidis
1211 2363 1313 2421 aetate
1338 2365 1387 2420 sat

215 2474 332 2531 remota
356 2485 423 2529 eam
449 2466 644 2529 referendam
668 2484 736 2528 esse
759 2471 909 2544 censeret,
933 2473 1101 2528 autumans
1125 2467 1158 2527 in
1187 2466 1293 2528 schola
1316 2467 1385 2527 rbe-

213 2577 310 2638 toriea
327 2594 345 2636 a
362 2571 513 2635 Demetrii
536 2571 679 2635 Phalerei
700 2573 823 2654 aequali
843 2574 923 2635 hanc
945 2574 1133 2634 invectivam
1154 2573 1385 2634 exercitationis

213 2701 308 2744 causa
331 2682 534 2762 compositam
559 2698 634 2742 esse.
682 2677 773 2753 Quod
797 2680 880 2742 haud
905 2680 1013 2762 paucis
1036 2677 1212 2761 iisdemque
1240 2697 1303 2740 non
1328 2680 1385 2739 im-

214 2785 335 2850 becillis
358 2788 552 2868 argumentis
575 2787 750 2849 munivisse
774 2787 834 2849 sibi
858 2789 945 2849 visus
969 2793 1042 2849 erat.

304 2892 391 2968 Quae
406 2900 591 2975 argumenta
606 2900 710 2956 tamen
728 2913 787 2955 non
804 2899 889 2956 tanta
902 2895 933 2954 vi
946 2913 1022 2974 esse,
1041 2913 1121 2975 quae
1134 2894 1263 2955 refutari
1277 2895 1386 2974 nequi-

214 3008 292 3081 rent,
316 3001 378 3061 iam
402 2999 549 3060 nonnulli
575 3001 632 3060 viri
656 3001 770 3062 eruditi
795 3000 1009 3062 demonstrare
1030 2998 1198 3061 studebant
1218 2997 1385 3077 Kirclrlroff,

214 3108 394 3187 Hoelselrer,
419 3105 493 3168 Zutt
511 3126 548 3168 ao
564 3111 672 3168 contra
691 3107 834 3168 evincere
855 3105 893 3167 ab
918 3106 1044 3167 homine
1069 3105 1241 3168 Andocidis
1260 3107 1386 3189 suppari

215 3217 301 3279 illam
338 3215 569 3277 accusationem
607 3214 759 3294 originem
802 3213 939 3275 duxisse.
995 3209 1192 3295 Quamquam
1233 3232 1282 3275 res
1323 3232 1385 3274 nou

214 3342 338 3406 semper
360 3339 506 3405 prospere
530 3319 593 3382 illis
616 3321 718 3384 cessit.
754 3318 911 3401 Equidem
931 3321 962 3380 in
980 3318 1185 3402 subsequenti
1205 3322 1388 3401 quaestione

215 3431 246 3492 id
271 3450 360 3512 agam
387 3436 421 3491 ut
444 3447 481 3491 ea
504 3432 663 3490 momenta
695 3425 831 3506 afferam,
859 3425 976 3508 quibus
999 3427 1030 3487 in
1056 3427 1220 3509 propatulo
1249 3433 1296 3489 est
1315 3447 1387 3489 auc-

214 3543 314 3599 torem
338 3538 513 3598 invectivae
536 3537 604 3616 ipso
628 3533 682 3596 illo
712 3540 850 3616 tempore
879 3534 1007 3614 vixisse,
1037 3551 1100 3616 quo
1129 3535 1209 3596 actio
1237 3533 1388 3596 adversus

215 3641 413 3704 Andocidem
437 3642 557 3704 intenta
581 3646 635 3703 est.
683 3641 848 3704 Alluditur
871 3642 955 3703 eninr
979 3641 1017 3702 ad
1042 3659 1093 3703 res
1117 3642 1278 3724 quasdam,
1307 3661 1388 3723 quae

216 3752 393 3810 accuratam
417 3749 628 3828 cognitionem
652 3745 861 3810 testificantur
889 3749 957 3810 eius
985 3748 1179 3810 condicionis
1204 3768 1266 3829 qua
1290 3749 1386 3808 Albe-

216 3854 374 3916 niensium
411 3853 587 3935 respublica
624 3873 678 3916 usa
712 3860 758 3916 est
789 3855 884 3936 paulo
919 3859 991 3915 aute
1023 3851 1133 3935 populi
1170 3853 1305 3914 reditum
1339 3854 1386 3913 vel

214 3964 285 4044 post
308 3977 389 4022 eum.

167 4050 170 4058 ’
305 4064 465 4128 Enumero
489 4065 614 4147 indicia,
638 4065 755 4149 quibus
780 4085 937 4128 summam
962 4067 1026 4127 vim
1051 4064 1196 4127 attribuo.

249 4211 349 4218 -.———

306 4260 326 4328 ¹)
346 4259 381 4315 cf.
400 4258 514 4328 Lipsius,
533 4258 684 4313 Andocides
703 4275 728 4328 p.
747 4258 783 4312 X.
